timestamp,price_yes,price_no,sum_prices
2025-12-11T03:01:00.754707,0.295,0.705,1.0
2025-12-11T03:01:01.361177,0.295,0.705,1.0
2025-12-11T03:01:01.980960,0.3,0.7,1.0
2025-12-11T03:01:02.597453,0.295,0.705,1.0
2025-12-11T03:01:03.209400,0.29,0.71,1.0
2025-12-11T03:01:03.824031,0.28,0.725,1.005
2025-12-11T03:01:04.445601,0.275,0.725,1.0
2025-12-11T03:01:05.079978,0.275,0.725,1.0
2025-12-11T03:01:05.693930,0.275,0.725,1.0
2025-12-11T03:01:06.290800,0.275,0.725,1.0
2025-12-11T03:01:06.901156,0.265,0.735,1.0
2025-12-11T03:01:07.519317,0.24,0.765,1.005
2025-12-11T03:01:08.152685,0.235,0.765,1.0
2025-12-11T03:01:08.771400,0.25,0.755,1.005
2025-12-11T03:01:09.393993,0.265,0.735,1.0
2025-12-11T03:01:10.004403,0.265,0.735,1.0
2025-12-11T03:01:10.614460,0.265,0.735,1.0
2025-12-11T03:01:11.221262,0.265,0.735,1.0
2025-12-11T03:01:11.832507,0.275,0.725,1.0
2025-12-11T03:01:12.437869,0.27,0.73,1.0
2025-12-11T03:01:13.035919,0.265,0.735,1.0
2025-12-11T03:01:13.650230,0.265,0.735,1.0
2025-12-11T03:01:12.675340,0.265,0.735,1.0
2025-12-11T03:01:13.281388,0.25,0.755,1.005
2025-12-11T03:01:13.884818,0.245,0.755,1.0
2025-12-11T03:01:14.564225,0.245,0.755,1.0
2025-12-11T03:01:15.177453,0.245,0.755,1.0
2025-12-11T03:01:15.783141,0.26,0.74,1.0
2025-12-11T03:01:16.387891,0.265,0.735,1.0
2025-12-11T03:01:16.995105,0.265,0.735,1.0
2025-12-11T03:01:17.598305,0.265,0.735,1.0
2025-12-11T03:01:18.202874,0.265,0.735,1.0
2025-12-11T03:01:18.808927,0.265,0.735,1.0
2025-12-11T03:01:19.416949,0.255,0.74,0.995
2025-12-11T03:01:20.018049,0.26,0.74,1.0
2025-12-11T03:01:20.630367,0.26,0.74,1.0
2025-12-11T03:01:21.256911,0.26,0.74,1.0
2025-12-11T03:01:21.864298,0.26,0.74,1.0
2025-12-11T03:01:22.478884,0.26,0.74,1.0
2025-12-11T03:01:23.089455,0.26,0.74,1.0
2025-12-11T03:01:23.694875,0.265,0.735,1.0
2025-12-11T03:01:24.308236,0.265,0.735,1.0
2025-12-11T03:01:24.914410,0.265,0.735,1.0
2025-12-11T03:01:25.515203,0.275,0.725,1.0
2025-12-11T03:01:26.149221,0.275,0.725,1.0
2025-12-11T03:01:26.770400,0.275,0.72,0.995
2025-12-11T03:01:27.386878,0.285,0.715,1.0
2025-12-11T03:01:28.008193,0.285,0.715,1.0
2025-12-11T03:01:28.621474,0.285,0.715,1.0
2025-12-11T03:01:29.236543,0.285,0.715,1.0
2025-12-11T03:01:29.858503,0.275,0.725,1.0
2025-12-11T03:01:30.474178,0.275,0.72,0.995
2025-12-11T03:01:31.091193,0.285,0.715,1.0
2025-12-11T03:01:31.695752,0.295,0.705,1.0
2025-12-11T03:01:32.303819,0.3,0.7,1.0
2025-12-11T03:01:32.926088,0.305,0.695,1.0
2025-12-11T03:01:33.525820,0.305,0.695,1.0
2025-12-11T03:01:34.146419,0.335,0.665,1.0
2025-12-11T03:01:34.831585,0.355,0.645,1.0
2025-12-11T03:01:35.450463,0.37,0.625,0.995
2025-12-11T03:01:36.070739,0.375,0.63,1.005
2025-12-11T03:01:36.680103,0.375,0.625,1.0
2025-12-11T03:01:37.291646,0.385,0.615,1.0
2025-12-11T03:01:37.906482,0.39,0.605,0.995
2025-12-11T03:01:38.515879,0.405,0.595,1.0
2025-12-11T03:01:39.129904,0.415,0.585,1.0
2025-12-11T03:01:39.747657,0.445,0.555,1.0
2025-12-11T03:01:40.394128,0.46,0.54,1.0
2025-12-11T03:01:41.010081,0.475,0.525,1.0
2025-12-11T03:01:41.628602,0.475,0.525,1.0
2025-12-11T03:01:42.244324,0.475,0.525,1.0
2025-12-11T03:01:42.860069,0.465,0.535,1.0
2025-12-11T03:01:43.480001,0.445,0.555,1.0
2025-12-11T03:01:44.089035,0.415,0.585,1.0
2025-12-11T03:01:44.694076,0.405,0.595,1.0
2025-12-11T03:01:43.712752,0.395,0.605,1.0
2025-12-11T03:01:44.326068,0.41,0.59,1.0
2025-12-11T03:01:44.944181,0.41,0.59,1.0
2025-12-11T03:01:45.560522,0.415,0.585,1.0
2025-12-11T03:01:46.176055,0.44,0.555,0.9950000000000001
2025-12-11T03:01:46.814243,0.445,0.555,1.0
2025-12-11T03:01:47.424175,0.445,0.555,1.0
2025-12-11T03:01:48.041620,0.435,0.565,1.0
2025-12-11T03:01:48.657713,0.425,0.57,0.9949999999999999
2025-12-11T03:01:49.279459,0.43,0.57,1.0
2025-12-11T03:01:49.902572,0.43,0.57,1.0
2025-12-11T03:01:50.524233,0.425,0.58,1.005
2025-12-11T03:01:51.132819,0.405,0.595,1.0
2025-12-11T03:01:51.755336,0.415,0.585,1.0
2025-12-11T03:01:52.383238,0.42,0.57,0.99
2025-12-11T03:01:53.004483,0.44,0.56,1.0
2025-12-11T03:01:53.610675,0.445,0.555,1.0
2025-12-11T03:01:54.241722,0.445,0.555,1.0
2025-12-11T03:01:54.834399,0.445,0.555,1.0
2025-12-11T03:01:55.445720,0.445,0.555,1.0
2025-12-11T03:01:56.061454,0.445,0.555,1.0
2025-12-11T03:01:56.672439,0.465,0.535,1.0
2025-12-11T03:01:57.287223,0.475,0.525,1.0
2025-12-11T03:01:57.909962,0.475,0.525,1.0
2025-12-11T03:01:58.518231,0.445,0.555,1.0
2025-12-11T03:01:59.113976,0.435,0.565,1.0
2025-12-11T03:01:59.721930,0.44,0.56,1.0
2025-12-11T03:02:00.332426,0.44,0.56,1.0
2025-12-11T03:02:00.945847,0.43,0.57,1.0
2025-12-11T03:02:01.599058,0.425,0.575,1.0
2025-12-11T03:02:02.215515,0.415,0.585,1.0
2025-12-11T03:02:02.831165,0.415,0.58,0.9949999999999999
2025-12-11T03:02:03.425872,0.435,0.565,1.0
2025-12-11T03:02:04.034263,0.425,0.575,1.0
2025-12-11T03:02:04.645528,0.39,0.61,1.0
2025-12-11T03:02:05.257636,0.37,0.63,1.0
2025-12-11T03:02:05.874046,0.375,0.625,1.0
2025-12-11T03:02:06.490034,0.405,0.595,1.0
2025-12-11T03:02:07.108912,0.415,0.585,1.0
2025-12-11T03:02:07.721949,0.405,0.595,1.0
2025-12-11T03:02:08.343779,0.405,0.595,1.0
2025-12-11T03:02:08.955005,0.395,0.605,1.0
2025-12-11T03:02:09.565268,0.395,0.605,1.0
2025-12-11T03:02:10.181521,0.385,0.615,1.0
2025-12-11T03:02:10.793456,0.385,0.62,1.005
2025-12-11T03:02:11.406657,0.375,0.625,1.0
2025-12-11T03:02:12.024025,0.355,0.645,1.0
2025-12-11T03:02:12.641341,0.355,0.645,1.0
2025-12-11T03:02:13.263113,0.35,0.655,1.005
2025-12-11T03:02:13.871805,0.345,0.655,1.0
2025-12-11T03:02:14.486492,0.335,0.665,1.0
2025-12-11T03:02:15.099076,0.35,0.635,0.985
2025-12-11T03:02:14.114878,0.37,0.625,0.995
2025-12-11T03:02:14.732088,0.37,0.63,1.0
2025-12-11T03:02:15.345673,0.39,0.61,1.0
2025-12-11T03:02:15.994772,0.405,0.595,1.0
2025-12-11T03:02:16.608712,0.38,0.615,0.995
2025-12-11T03:02:17.222774,0.385,0.615,1.0
2025-12-11T03:02:17.835313,0.375,0.625,1.0
2025-12-11T03:02:18.448006,0.37,0.63,1.0
2025-12-11T03:02:19.060133,0.37,0.63,1.0
2025-12-11T03:02:19.689461,0.375,0.625,1.0
2025-12-11T03:02:20.330247,0.375,0.625,1.0
2025-12-11T03:02:20.944820,0.365,0.635,1.0
2025-12-11T03:02:21.566177,0.355,0.645,1.0
2025-12-11T03:02:22.175920,0.345,0.655,1.0
2025-12-11T03:02:22.786234,0.345,0.655,1.0
2025-12-11T03:02:23.398238,0.345,0.655,1.0
2025-12-11T03:02:24.018685,0.335,0.665,1.0
2025-12-11T03:02:24.631599,0.335,0.665,1.0
2025-12-11T03:02:25.229966,0.335,0.665,1.0
2025-12-11T03:02:25.831078,0.365,0.635,1.0
2025-12-11T03:02:26.440411,0.375,0.625,1.0
2025-12-11T03:02:27.046622,0.385,0.615,1.0
2025-12-11T03:02:27.751889,0.395,0.605,1.0
2025-12-11T03:02:28.370988,0.4,0.595,0.995
2025-12-11T03:02:28.983769,0.385,0.615,1.0
2025-12-11T03:02:29.595612,0.395,0.605,1.0
2025-12-11T03:02:30.212508,0.405,0.595,1.0
2025-12-11T03:02:30.827420,0.41,0.59,1.0
2025-12-11T03:02:31.446202,0.405,0.595,1.0
2025-12-11T03:02:32.053533,0.385,0.615,1.0
2025-12-11T03:02:32.662394,0.375,0.625,1.0
2025-12-11T03:02:33.269801,0.375,0.625,1.0
2025-12-11T03:02:33.881999,0.39,0.61,1.0
2025-12-11T03:02:34.495918,0.395,0.605,1.0
2025-12-11T03:02:35.113278,0.41,0.585,0.9949999999999999
2025-12-11T03:02:35.713670,0.395,0.605,1.0
2025-12-11T03:02:36.326105,0.385,0.615,1.0
2025-12-11T03:02:36.948938,0.39,0.61,1.0
2025-12-11T03:02:37.558729,0.395,0.605,1.0
2025-12-11T03:02:38.192981,0.39,0.61,1.0
2025-12-11T03:02:38.801439,0.395,0.605,1.0
2025-12-11T03:02:39.421888,0.39,0.61,1.0
2025-12-11T03:02:40.035038,0.385,0.615,1.0
2025-12-11T03:02:40.647115,0.385,0.605,0.99
2025-12-11T03:02:41.248434,0.39,0.61,1.0
2025-12-11T03:02:41.864638,0.385,0.615,1.0
2025-12-11T03:02:42.478989,0.375,0.625,1.0
2025-12-11T03:02:43.089869,0.385,0.615,1.0
2025-12-11T03:02:43.699474,0.395,0.605,1.0
2025-12-11T03:02:44.309188,0.415,0.585,1.0
2025-12-11T03:02:44.922929,0.425,0.575,1.0
2025-12-11T03:02:45.537542,0.435,0.565,1.0
2025-12-11T03:02:46.148176,0.435,0.565,1.0
2025-12-11T03:02:45.159854,0.44,0.555,0.9950000000000001
2025-12-11T03:02:45.773150,0.445,0.555,1.0
2025-12-11T03:02:46.370084,0.455,0.545,1.0
2025-12-11T03:02:46.985723,0.455,0.545,1.0
2025-12-11T03:02:47.601508,0.455,0.545,1.0
2025-12-11T03:02:48.215143,0.455,0.54,0.9950000000000001
2025-12-11T03:02:48.831840,0.465,0.54,1.0050000000000001
2025-12-11T03:02:49.446065,0.465,0.535,1.0
2025-12-11T03:02:50.049049,0.475,0.525,1.0
2025-12-11T03:02:50.665506,0.475,0.525,1.0
2025-12-11T03:02:51.276700,0.475,0.525,1.0
2025-12-11T03:02:51.874178,0.465,0.535,1.0
2025-12-11T03:02:52.487429,0.465,0.535,1.0
2025-12-11T03:02:53.105475,0.475,0.525,1.0
2025-12-11T03:02:53.708960,0.48,0.52,1.0
2025-12-11T03:02:54.315130,0.48,0.515,0.995
2025-12-11T03:02:54.928655,0.485,0.515,1.0
2025-12-11T03:02:55.528098,0.485,0.515,1.0
2025-12-11T03:02:56.136028,0.48,0.52,1.0
2025-12-11T03:02:56.751370,0.475,0.525,1.0
2025-12-11T03:02:57.362724,0.475,0.525,1.0
2025-12-11T03:02:57.974274,0.475,0.525,1.0
2025-12-11T03:02:58.588273,0.465,0.535,1.0
2025-12-11T03:02:59.189985,0.475,0.525,1.0
2025-12-11T03:02:59.804157,0.475,0.52,0.995
2025-12-11T03:03:00.406220,0.485,0.515,1.0
2025-12-11T03:03:01.023885,0.485,0.515,1.0
2025-12-11T03:03:01.663217,0.475,0.525,1.0
2025-12-11T03:03:02.267281,0.495,0.505,1.0
2025-12-11T03:03:02.879686,0.495,0.505,1.0
2025-12-11T03:03:03.497122,0.485,0.515,1.0
2025-12-11T03:03:04.110655,0.475,0.525,1.0
2025-12-11T03:03:04.719141,0.48,0.52,1.0
2025-12-11T03:03:05.328032,0.48,0.52,1.0
2025-12-11T03:03:05.942814,0.485,0.515,1.0
2025-12-11T03:03:06.544771,0.475,0.525,1.0
2025-12-11T03:03:07.158783,0.465,0.535,1.0
2025-12-11T03:03:07.762317,0.47,0.53,1.0
2025-12-11T03:03:08.378813,0.47,0.53,1.0
2025-12-11T03:03:08.992664,0.475,0.525,1.0
2025-12-11T03:03:09.605097,0.455,0.545,1.0
2025-12-11T03:03:10.221212,0.445,0.555,1.0
2025-12-11T03:03:10.823594,0.43,0.57,1.0
2025-12-11T03:03:11.435095,0.425,0.575,1.0
2025-12-11T03:03:12.045569,0.42,0.58,1.0
2025-12-11T03:03:12.660802,0.425,0.575,1.0
2025-12-11T03:03:13.270412,0.415,0.585,1.0
2025-12-11T03:03:13.885533,0.415,0.585,1.0
2025-12-11T03:03:14.497660,0.415,0.585,1.0
2025-12-11T03:03:15.105508,0.405,0.595,1.0
2025-12-11T03:03:15.718649,0.405,0.595,1.0
2025-12-11T03:03:16.319284,0.405,0.6,1.005
2025-12-11T03:03:15.339807,0.415,0.585,1.0
2025-12-11T03:03:15.958865,0.415,0.585,1.0
2025-12-11T03:03:16.567854,0.415,0.585,1.0
2025-12-11T03:03:17.191155,0.415,0.585,1.0
2025-12-11T03:03:17.805619,0.415,0.595,1.01
2025-12-11T03:03:18.406180,0.405,0.595,1.0
2025-12-11T03:03:19.014714,0.405,0.595,1.0
2025-12-11T03:03:19.627800,0.395,0.605,1.0
2025-12-11T03:03:20.238416,0.4,0.6,1.0
2025-12-11T03:03:20.854243,0.4,0.6,1.0
2025-12-11T03:03:21.470719,0.4,0.6,1.0
2025-12-11T03:03:22.069967,0.4,0.6,1.0
2025-12-11T03:03:22.683325,0.4,0.6,1.0
2025-12-11T03:03:23.286238,0.4,0.6,1.0
2025-12-11T03:03:23.892271,0.4,0.6,1.0
2025-12-11T03:03:24.512496,0.4,0.605,1.005
2025-12-11T03:03:25.129606,0.395,0.605,1.0
2025-12-11T03:03:25.748145,0.38,0.62,1.0
2025-12-11T03:03:26.363487,0.375,0.625,1.0
2025-12-11T03:03:26.973999,0.38,0.625,1.005
2025-12-11T03:03:27.584625,0.385,0.615,1.0
2025-12-11T03:03:28.193584,0.385,0.615,1.0
2025-12-11T03:03:28.792524,0.385,0.615,1.0
2025-12-11T03:03:29.438622,0.395,0.605,1.0
2025-12-11T03:03:30.039036,0.395,0.605,1.0
2025-12-11T03:03:30.649299,0.405,0.595,1.0
2025-12-11T03:03:31.263915,0.405,0.595,1.0
2025-12-11T03:03:31.869602,0.405,0.595,1.0
2025-12-11T03:03:32.470990,0.405,0.595,1.0
2025-12-11T03:03:33.079098,0.405,0.595,1.0
2025-12-11T03:03:33.700625,0.4,0.595,0.995
2025-12-11T03:03:34.300780,0.405,0.595,1.0
2025-12-11T03:03:34.910974,0.385,0.615,1.0
2025-12-11T03:03:35.506193,0.385,0.615,1.0
2025-12-11T03:03:36.129709,0.395,0.605,1.0
2025-12-11T03:03:36.739089,0.405,0.595,1.0
2025-12-11T03:03:37.353731,0.395,0.605,1.0
2025-12-11T03:03:37.972330,0.385,0.615,1.0
2025-12-11T03:03:38.573934,0.375,0.625,1.0
2025-12-11T03:03:39.186139,0.365,0.635,1.0
2025-12-11T03:03:39.783449,0.355,0.645,1.0
2025-12-11T03:03:40.403453,0.345,0.655,1.0
2025-12-11T03:03:41.022048,0.345,0.655,1.0
2025-12-11T03:03:41.623755,0.345,0.655,1.0
2025-12-11T03:03:42.236946,0.345,0.655,1.0
2025-12-11T03:03:42.846588,0.335,0.665,1.0
2025-12-11T03:03:43.463021,0.33,0.675,1.0050000000000001
2025-12-11T03:03:44.073742,0.315,0.685,1.0
2025-12-11T03:03:44.690394,0.305,0.695,1.0
2025-12-11T03:03:45.302961,0.31,0.69,1.0
2025-12-11T03:03:45.915151,0.305,0.695,1.0
2025-12-11T03:03:46.529740,0.315,0.685,1.0
2025-12-11T03:03:47.142538,0.325,0.675,1.0
2025-12-11T03:03:46.146657,0.325,0.675,1.0
2025-12-11T03:03:46.754300,0.305,0.695,1.0
2025-12-11T03:03:47.354218,0.295,0.705,1.0
2025-12-11T03:03:47.951002,0.275,0.725,1.0
2025-12-11T03:03:48.556688,0.275,0.725,1.0
2025-12-11T03:03:49.171509,0.275,0.725,1.0
2025-12-11T03:03:49.788484,0.275,0.725,1.0
2025-12-11T03:03:50.407882,0.28,0.72,1.0
2025-12-11T03:03:51.017488,0.285,0.715,1.0
2025-12-11T03:03:51.626784,0.285,0.715,1.0
2025-12-11T03:03:52.231663,0.285,0.715,1.0
2025-12-11T03:03:52.846069,0.295,0.705,1.0
2025-12-11T03:03:53.453645,0.295,0.705,1.0
2025-12-11T03:03:54.068680,0.295,0.705,1.0
2025-12-11T03:03:54.679672,0.285,0.715,1.0
2025-12-11T03:03:55.294035,0.285,0.715,1.0
2025-12-11T03:03:55.912646,0.28,0.72,1.0
2025-12-11T03:03:56.553269,0.275,0.725,1.0
2025-12-11T03:03:57.173112,0.265,0.735,1.0
2025-12-11T03:03:57.782847,0.27,0.725,0.995
2025-12-11T03:03:58.393284,0.28,0.72,1.0
2025-12-11T03:03:59.011236,0.275,0.725,1.0
2025-12-11T03:03:59.618884,0.255,0.745,1.0
2025-12-11T03:04:00.226942,0.245,0.755,1.0
2025-12-11T03:04:00.835324,0.235,0.765,1.0
2025-12-11T03:04:01.445872,0.235,0.765,1.0
2025-12-11T03:04:02.063438,0.255,0.74,0.995
2025-12-11T03:04:02.682494,0.27,0.735,1.005
2025-12-11T03:04:03.294723,0.285,0.715,1.0
2025-12-11T03:04:03.907694,0.285,0.725,1.01
2025-12-11T03:04:04.507343,0.275,0.725,1.0
2025-12-11T03:04:05.122163,0.265,0.735,1.0
2025-12-11T03:04:05.742817,0.28,0.72,1.0
2025-12-11T03:04:06.354192,0.29,0.71,1.0
2025-12-11T03:04:06.972006,0.285,0.71,0.9949999999999999
2025-12-11T03:04:07.586755,0.285,0.715,1.0
2025-12-11T03:04:08.197135,0.285,0.715,1.0
2025-12-11T03:04:08.810034,0.305,0.695,1.0
2025-12-11T03:04:09.422838,0.315,0.685,1.0
2025-12-11T03:04:10.038669,0.315,0.685,1.0
2025-12-11T03:04:10.646057,0.305,0.695,1.0
2025-12-11T03:04:11.259412,0.305,0.695,1.0
2025-12-11T03:04:11.864528,0.295,0.705,1.0
2025-12-11T03:04:12.458424,0.295,0.705,1.0
2025-12-11T03:04:13.084336,0.295,0.705,1.0
2025-12-11T03:04:13.700929,0.295,0.705,1.0
2025-12-11T03:04:14.317583,0.295,0.705,1.0
2025-12-11T03:04:14.931576,0.315,0.685,1.0
2025-12-11T03:04:15.538977,0.315,0.685,1.0
2025-12-11T03:04:16.154760,0.305,0.695,1.0
2025-12-11T03:04:16.761646,0.305,0.695,1.0
2025-12-11T03:04:17.369552,0.28,0.72,1.0
2025-12-11T03:04:17.986310,0.285,0.715,1.0
2025-12-11T03:04:17.013257,0.295,0.705,1.0
2025-12-11T03:04:17.633480,0.295,0.705,1.0
2025-12-11T03:04:18.245144,0.295,0.705,1.0
2025-12-11T03:04:18.856240,0.3,0.7,1.0
2025-12-11T03:04:19.463863,0.31,0.69,1.0
2025-12-11T03:04:20.075064,0.315,0.685,1.0
2025-12-11T03:04:20.677806,0.315,0.685,1.0
2025-12-11T03:04:21.285734,0.315,0.685,1.0
2025-12-11T03:04:21.881626,0.34,0.66,1.0
2025-12-11T03:04:22.484238,0.345,0.655,1.0
2025-12-11T03:04:23.110565,0.33,0.67,1.0
2025-12-11T03:04:23.713709,0.33,0.67,1.0
2025-12-11T03:04:24.313394,0.335,0.665,1.0
2025-12-11T03:04:24.925343,0.32,0.685,1.0050000000000001
2025-12-11T03:04:25.534654,0.28,0.72,1.0
2025-12-11T03:04:26.143070,0.285,0.715,1.0
2025-12-11T03:04:26.739116,0.27,0.73,1.0
2025-12-11T03:04:27.344005,0.27,0.73,1.0
2025-12-11T03:04:27.941707,0.255,0.745,1.0
2025-12-11T03:04:28.544726,0.255,0.745,1.0
2025-12-11T03:04:29.145681,0.25,0.75,1.0
2025-12-11T03:04:29.749252,0.245,0.755,1.0
2025-12-11T03:04:30.348127,0.26,0.74,1.0
2025-12-11T03:04:30.947275,0.255,0.745,1.0
2025-12-11T03:04:31.551440,0.255,0.745,1.0
2025-12-11T03:04:32.158372,0.255,0.745,1.0
2025-12-11T03:04:32.755288,0.255,0.745,1.0
2025-12-11T03:04:33.365687,0.245,0.755,1.0
2025-12-11T03:04:33.968247,0.245,0.755,1.0
2025-12-11T03:04:34.577034,0.255,0.745,1.0
2025-12-11T03:04:35.176915,0.25,0.75,1.0
2025-12-11T03:04:35.787152,0.25,0.75,1.0
2025-12-11T03:04:36.393184,0.25,0.75,1.0
2025-12-11T03:04:36.997162,0.25,0.75,1.0
2025-12-11T03:04:37.593978,0.25,0.75,1.0
2025-12-11T03:04:38.191560,0.25,0.75,1.0
2025-12-11T03:04:38.794442,0.25,0.75,1.0
2025-12-11T03:04:39.399174,0.25,0.75,1.0
2025-12-11T03:04:39.998270,0.24,0.76,1.0
2025-12-11T03:04:40.603184,0.24,0.765,1.005
2025-12-11T03:04:41.204312,0.225,0.77,0.995
2025-12-11T03:04:41.802809,0.225,0.775,1.0
2025-12-11T03:04:42.403520,0.235,0.765,1.0
2025-12-11T03:04:43.005367,0.225,0.775,1.0
2025-12-11T03:04:43.613108,0.215,0.785,1.0
2025-12-11T03:04:44.218921,0.22,0.78,1.0
2025-12-11T03:04:44.817814,0.225,0.775,1.0
2025-12-11T03:04:45.416975,0.225,0.775,1.0
2025-12-11T03:04:46.026452,0.22,0.78,1.0
2025-12-11T03:04:46.637320,0.225,0.775,1.0
2025-12-11T03:04:47.238704,0.225,0.775,1.0
2025-12-11T03:04:47.831685,0.225,0.775,1.0
2025-12-11T03:04:48.436966,0.225,0.775,1.0
2025-12-11T03:04:47.435315,0.225,0.775,1.0
2025-12-11T03:04:48.041934,0.225,0.775,1.0
2025-12-11T03:04:48.650468,0.225,0.775,1.0
2025-12-11T03:04:49.257691,0.23,0.77,1.0
2025-12-11T03:04:49.859199,0.23,0.77,1.0
2025-12-11T03:04:50.468464,0.22,0.78,1.0
2025-12-11T03:04:51.069286,0.215,0.785,1.0
2025-12-11T03:04:51.674316,0.215,0.785,1.0
2025-12-11T03:04:52.279493,0.215,0.785,1.0
2025-12-11T03:04:52.881735,0.215,0.785,1.0
2025-12-11T03:04:53.490216,0.22,0.78,1.0
2025-12-11T03:04:54.101696,0.22,0.78,1.0
2025-12-11T03:04:54.696792,0.215,0.785,1.0
2025-12-11T03:04:55.298167,0.22,0.78,1.0
2025-12-11T03:04:55.900323,0.21,0.79,1.0
2025-12-11T03:04:56.509692,0.205,0.795,1.0
2025-12-11T03:04:57.112528,0.205,0.795,1.0
2025-12-11T03:04:57.714730,0.205,0.795,1.0
2025-12-11T03:04:58.317207,0.2,0.8,1.0
2025-12-11T03:04:58.924413,0.2,0.8,1.0
2025-12-11T03:04:59.532036,0.195,0.805,1.0
2025-12-11T03:05:00.143378,0.2,0.8,1.0
2025-12-11T03:05:00.748010,0.2,0.8,1.0
2025-12-11T03:05:01.351925,0.195,0.805,1.0
2025-12-11T03:05:01.960628,0.195,0.805,1.0
2025-12-11T03:05:02.571405,0.205,0.795,1.0
2025-12-11T03:05:03.177133,0.2,0.8,1.0
2025-12-11T03:05:03.793905,0.195,0.805,1.0
2025-12-11T03:05:04.394413,0.195,0.805,1.0
2025-12-11T03:05:05.008284,0.185,0.815,1.0
2025-12-11T03:05:05.624417,0.185,0.815,1.0
2025-12-11T03:05:06.234029,0.175,0.825,1.0
2025-12-11T03:05:06.843384,0.165,0.835,1.0
2025-12-11T03:05:07.455347,0.165,0.835,1.0
2025-12-11T03:05:08.073446,0.18,0.815,0.9949999999999999
2025-12-11T03:05:08.690584,0.185,0.8,0.9850000000000001
2025-12-11T03:05:09.292193,0.215,0.785,1.0
2025-12-11T03:05:09.900859,0.215,0.785,1.0
2025-12-11T03:05:10.521438,0.215,0.785,1.0
2025-12-11T03:05:11.140324,0.215,0.785,1.0
2025-12-11T03:05:11.748159,0.21,0.79,1.0
2025-12-11T03:05:12.385391,0.21,0.79,1.0
2025-12-11T03:05:13.002182,0.205,0.795,1.0
2025-12-11T03:05:13.614780,0.205,0.795,1.0
2025-12-11T03:05:14.220312,0.205,0.795,1.0
2025-12-11T03:05:14.835247,0.205,0.795,1.0
2025-12-11T03:05:15.443474,0.205,0.795,1.0
2025-12-11T03:05:16.053787,0.21,0.79,1.0
2025-12-11T03:05:16.663752,0.19,0.81,1.0
2025-12-11T03:05:17.267548,0.195,0.8,0.9950000000000001
2025-12-11T03:05:17.867717,0.21,0.79,1.0
2025-12-11T03:05:18.475608,0.21,0.79,1.0
2025-12-11T03:05:19.085867,0.21,0.79,1.0
2025-12-11T03:05:18.101101,0.215,0.785,1.0
2025-12-11T03:05:18.723176,0.215,0.785,1.0
2025-12-11T03:05:19.339605,0.215,0.785,1.0
2025-12-11T03:05:19.955737,0.2,0.8,1.0
2025-12-11T03:05:20.571102,0.2,0.8,1.0
2025-12-11T03:05:21.181585,0.2,0.8,1.0
2025-12-11T03:05:21.799686,0.2,0.805,1.0050000000000001
2025-12-11T03:05:22.482090,0.19,0.815,1.005
2025-12-11T03:05:23.096512,0.185,0.815,1.0
2025-12-11T03:05:23.699440,0.185,0.815,1.0
2025-12-11T03:05:24.312333,0.195,0.805,1.0
2025-12-11T03:05:24.922975,0.195,0.805,1.0
2025-12-11T03:05:25.532364,0.195,0.805,1.0
2025-12-11T03:05:26.147197,0.2,0.8,1.0
2025-12-11T03:05:26.759162,0.2,0.8,1.0
2025-12-11T03:05:27.374692,0.195,0.805,1.0
2025-12-11T03:05:27.984663,0.18,0.82,1.0
2025-12-11T03:05:28.598355,0.18,0.82,1.0
2025-12-11T03:05:29.212574,0.18,0.82,1.0
2025-12-11T03:05:29.827308,0.18,0.82,1.0
2025-12-11T03:05:30.455167,0.18,0.82,1.0
2025-12-11T03:05:31.069279,0.175,0.825,1.0
2025-12-11T03:05:31.674043,0.175,0.825,1.0
2025-12-11T03:05:32.284188,0.165,0.835,1.0
2025-12-11T03:05:32.894220,0.155,0.845,1.0
2025-12-11T03:05:33.504924,0.155,0.845,1.0
2025-12-11T03:05:34.119603,0.145,0.855,1.0
2025-12-11T03:05:34.725346,0.145,0.855,1.0
2025-12-11T03:05:35.345236,0.145,0.855,1.0
2025-12-11T03:05:35.959135,0.135,0.865,1.0
2025-12-11T03:05:36.582062,0.13,0.865,0.995
2025-12-11T03:05:37.190828,0.14,0.86,1.0
2025-12-11T03:05:37.801199,0.155,0.845,1.0
2025-12-11T03:05:38.412721,0.165,0.835,1.0
2025-12-11T03:05:39.021141,0.165,0.835,1.0
2025-12-11T03:05:39.634826,0.165,0.835,1.0
2025-12-11T03:05:40.256635,0.165,0.835,1.0
2025-12-11T03:05:40.869391,0.165,0.835,1.0
2025-12-11T03:05:41.484833,0.165,0.835,1.0
2025-12-11T03:05:42.096268,0.165,0.835,1.0
2025-12-11T03:05:42.693469,0.165,0.835,1.0
2025-12-11T03:05:43.304403,0.165,0.835,1.0
2025-12-11T03:05:43.913229,0.165,0.835,1.0
2025-12-11T03:05:44.528882,0.165,0.835,1.0
2025-12-11T03:05:45.145874,0.17,0.83,1.0
2025-12-11T03:05:45.766391,0.17,0.83,1.0
2025-12-11T03:05:46.363231,0.175,0.825,1.0
2025-12-11T03:05:46.977760,0.185,0.815,1.0
2025-12-11T03:05:47.587158,0.185,0.815,1.0
2025-12-11T03:05:48.202350,0.185,0.825,1.01
2025-12-11T03:05:48.817182,0.17,0.83,1.0
2025-12-11T03:05:49.436875,0.175,0.825,1.0
2025-12-11T03:05:50.045382,0.175,0.825,1.0
2025-12-11T03:05:49.073751,0.175,0.825,1.0
2025-12-11T03:05:49.681877,0.185,0.815,1.0
2025-12-11T03:05:50.289790,0.195,0.805,1.0
2025-12-11T03:05:50.901853,0.205,0.795,1.0
2025-12-11T03:05:51.519294,0.215,0.785,1.0
2025-12-11T03:05:52.127218,0.225,0.77,0.995
2025-12-11T03:05:52.737862,0.225,0.775,1.0
2025-12-11T03:05:53.374881,0.225,0.78,1.0050000000000001
2025-12-11T03:05:53.985186,0.225,0.775,1.0
2025-12-11T03:05:54.583555,0.255,0.74,0.995
2025-12-11T03:05:55.195230,0.275,0.725,1.0
2025-12-11T03:05:55.808343,0.265,0.735,1.0
2025-12-11T03:05:56.412313,0.265,0.735,1.0
2025-12-11T03:05:57.016153,0.265,0.735,1.0
2025-12-11T03:05:57.628413,0.265,0.735,1.0
2025-12-11T03:05:58.228259,0.265,0.735,1.0
2025-12-11T03:05:58.840475,0.265,0.735,1.0
2025-12-11T03:05:59.453873,0.27,0.73,1.0
2025-12-11T03:06:00.062320,0.25,0.75,1.0
2025-12-11T03:06:00.672182,0.245,0.755,1.0
2025-12-11T03:06:01.278250,0.25,0.75,1.0
2025-12-11T03:06:01.890981,0.245,0.77,1.0150000000000001
2025-12-11T03:06:02.485920,0.225,0.775,1.0
2025-12-11T03:06:03.101635,0.215,0.785,1.0
2025-12-11T03:06:03.716961,0.215,0.785,1.0
2025-12-11T03:06:04.310774,0.215,0.785,1.0
2025-12-11T03:06:04.924698,0.215,0.785,1.0
2025-12-11T03:06:05.535946,0.215,0.785,1.0
2025-12-11T03:06:06.135265,0.215,0.785,1.0
2025-12-11T03:06:06.752529,0.205,0.795,1.0
2025-12-11T03:06:07.374097,0.195,0.805,1.0
2025-12-11T03:06:07.988575,0.195,0.805,1.0
2025-12-11T03:06:08.590480,0.195,0.805,1.0
2025-12-11T03:06:09.207103,0.2,0.8,1.0
2025-12-11T03:06:09.821310,0.2,0.8,1.0
2025-12-11T03:06:10.433558,0.2,0.8,1.0
2025-12-11T03:06:11.048565,0.2,0.8,1.0
2025-12-11T03:06:11.667298,0.2,0.8,1.0
2025-12-11T03:06:12.276694,0.2,0.8,1.0
2025-12-11T03:06:12.877339,0.215,0.785,1.0
2025-12-11T03:06:13.492805,0.2,0.805,1.0050000000000001
2025-12-11T03:06:14.095337,0.195,0.805,1.0
2025-12-11T03:06:14.699930,0.19,0.81,1.0
2025-12-11T03:06:15.316058,0.18,0.82,1.0
2025-12-11T03:06:15.958557,0.185,0.815,1.0
2025-12-11T03:06:16.570816,0.185,0.815,1.0
2025-12-11T03:06:17.182181,0.18,0.82,1.0
2025-12-11T03:06:17.796551,0.175,0.825,1.0
2025-12-11T03:06:18.409226,0.175,0.825,1.0
2025-12-11T03:06:19.010683,0.185,0.815,1.0
2025-12-11T03:06:19.610085,0.185,0.815,1.0
2025-12-11T03:06:20.218638,0.185,0.815,1.0
2025-12-11T03:06:19.246315,0.185,0.81,0.9950000000000001
2025-12-11T03:06:19.867101,0.195,0.805,1.0
2025-12-11T03:06:20.465257,0.195,0.805,1.0
2025-12-11T03:06:21.073036,0.195,0.805,1.0
2025-12-11T03:06:21.683086,0.195,0.805,1.0
2025-12-11T03:06:22.296763,0.185,0.815,1.0
2025-12-11T03:06:22.910478,0.175,0.825,1.0
2025-12-11T03:06:23.506712,0.175,0.825,1.0
2025-12-11T03:06:24.118956,0.175,0.825,1.0
2025-12-11T03:06:24.721577,0.175,0.825,1.0
2025-12-11T03:06:25.331794,0.175,0.825,1.0
2025-12-11T03:06:25.941700,0.17,0.83,1.0
2025-12-11T03:06:26.549319,0.17,0.83,1.0
2025-12-11T03:06:27.152587,0.165,0.835,1.0
2025-12-11T03:06:27.747800,0.165,0.835,1.0
2025-12-11T03:06:28.347761,0.165,0.835,1.0
2025-12-11T03:06:28.988771,0.165,0.835,1.0
2025-12-11T03:06:29.587251,0.165,0.835,1.0
2025-12-11T03:06:30.184407,0.175,0.825,1.0
2025-12-11T03:06:30.789325,0.175,0.825,1.0
2025-12-11T03:06:31.390487,0.175,0.825,1.0
2025-12-11T03:06:31.989068,0.175,0.825,1.0
2025-12-11T03:06:32.600794,0.175,0.825,1.0
2025-12-11T03:06:33.211148,0.175,0.825,1.0
2025-12-11T03:06:33.812614,0.165,0.835,1.0
2025-12-11T03:06:34.409977,0.155,0.845,1.0
2025-12-11T03:06:35.012126,0.165,0.835,1.0
2025-12-11T03:06:35.614194,0.165,0.835,1.0
2025-12-11T03:06:36.210417,0.17,0.83,1.0
2025-12-11T03:06:36.818012,0.165,0.835,1.0
2025-12-11T03:06:37.418987,0.155,0.845,1.0
2025-12-11T03:06:38.020023,0.155,0.845,1.0
2025-12-11T03:06:38.626069,0.155,0.845,1.0
2025-12-11T03:06:39.227621,0.155,0.845,1.0
2025-12-11T03:06:39.833346,0.155,0.845,1.0
2025-12-11T03:06:40.429211,0.155,0.845,1.0
2025-12-11T03:06:41.024189,0.155,0.845,1.0
2025-12-11T03:06:41.621572,0.155,0.845,1.0
2025-12-11T03:06:42.222880,0.145,0.855,1.0
2025-12-11T03:06:42.828781,0.15,0.85,1.0
2025-12-11T03:06:43.424388,0.15,0.85,1.0
2025-12-11T03:06:44.025336,0.15,0.85,1.0
2025-12-11T03:06:44.655469,0.15,0.85,1.0
2025-12-11T03:06:45.257595,0.145,0.855,1.0
2025-12-11T03:06:45.857317,0.145,0.855,1.0
2025-12-11T03:06:46.451156,0.145,0.855,1.0
2025-12-11T03:06:47.064149,0.14,0.86,1.0
2025-12-11T03:06:47.672963,0.14,0.86,1.0
2025-12-11T03:06:48.274683,0.14,0.86,1.0
2025-12-11T03:06:48.893686,0.14,0.86,1.0
2025-12-11T03:06:49.490430,0.14,0.86,1.0
2025-12-11T03:06:50.108000,0.14,0.86,1.0
2025-12-11T03:06:50.714387,0.14,0.86,1.0
2025-12-11T03:06:51.324676,0.14,0.86,1.0
2025-12-11T03:06:50.321168,0.14,0.86,1.0
2025-12-11T03:06:50.916822,0.14,0.86,1.0
2025-12-11T03:06:51.513321,0.14,0.86,1.0
2025-12-11T03:06:52.116109,0.135,0.865,1.0
2025-12-11T03:06:52.725815,0.145,0.855,1.0
2025-12-11T03:06:53.330200,0.145,0.855,1.0
2025-12-11T03:06:53.930909,0.145,0.855,1.0
2025-12-11T03:06:54.529196,0.145,0.855,1.0
2025-12-11T03:06:55.130998,0.145,0.855,1.0
2025-12-11T03:06:55.742109,0.145,0.855,1.0
2025-12-11T03:06:56.353794,0.145,0.855,1.0
2025-12-11T03:06:56.956717,0.145,0.855,1.0
2025-12-11T03:06:57.555638,0.145,0.855,1.0
2025-12-11T03:06:58.166182,0.135,0.865,1.0
2025-12-11T03:06:58.777114,0.135,0.865,1.0
2025-12-11T03:06:59.398286,0.135,0.865,1.0
2025-12-11T03:07:00.008244,0.13,0.87,1.0
2025-12-11T03:07:00.630451,0.13,0.87,1.0
2025-12-11T03:07:01.247803,0.13,0.87,1.0
2025-12-11T03:07:01.859373,0.125,0.875,1.0
2025-12-11T03:07:02.455487,0.115,0.885,1.0
2025-12-11T03:07:03.055932,0.115,0.885,1.0
2025-12-11T03:07:03.653600,0.115,0.885,1.0
2025-12-11T03:07:04.259644,0.115,0.885,1.0
2025-12-11T03:07:04.898177,0.11,0.89,1.0
2025-12-11T03:07:05.511642,0.1,0.9,1.0
2025-12-11T03:07:06.115666,0.085,0.915,1.0
2025-12-11T03:07:06.712422,0.085,0.915,1.0
2025-12-11T03:07:07.327234,0.085,0.915,1.0
2025-12-11T03:07:07.923729,0.095,0.905,1.0
2025-12-11T03:07:08.536852,0.085,0.915,1.0
2025-12-11T03:07:09.148379,0.085,0.915,1.0
2025-12-11T03:07:09.754342,0.1,0.905,1.0050000000000001
2025-12-11T03:07:10.378870,0.095,0.905,1.0
2025-12-11T03:07:10.979732,0.09,0.91,1.0
2025-12-11T03:07:11.591584,0.085,0.915,1.0
2025-12-11T03:07:12.205785,0.085,0.915,1.0
2025-12-11T03:07:12.823618,0.075,0.925,1.0
2025-12-11T03:07:13.433688,0.085,0.915,1.0
2025-12-11T03:07:14.050355,0.085,0.915,1.0
2025-12-11T03:07:14.667235,0.085,0.925,1.01
2025-12-11T03:07:15.285170,0.075,0.925,1.0
2025-12-11T03:07:15.899569,0.075,0.925,1.0
2025-12-11T03:07:16.511442,0.075,0.925,1.0
2025-12-11T03:07:17.121679,0.065,0.935,1.0
2025-12-11T03:07:17.738813,0.085,0.915,1.0
2025-12-11T03:07:18.368927,0.08,0.92,1.0
2025-12-11T03:07:18.971725,0.08,0.92,1.0
2025-12-11T03:07:19.585254,0.075,0.925,1.0
2025-12-11T03:07:20.187118,0.075,0.925,1.0
2025-12-11T03:07:20.826822,0.07,0.93,1.0
2025-12-11T03:07:21.431915,0.07,0.93,1.0
2025-12-11T03:07:22.048389,0.085,0.925,1.01
2025-12-11T03:07:21.066731,0.075,0.925,1.0
2025-12-11T03:07:21.678354,0.075,0.925,1.0
2025-12-11T03:07:22.291800,0.075,0.925,1.0
2025-12-11T03:07:22.900299,0.07,0.93,1.0
2025-12-11T03:07:23.511529,0.075,0.925,1.0
2025-12-11T03:07:24.124909,0.06,0.94,1.0
2025-12-11T03:07:24.735678,0.055,0.945,1.0
2025-12-11T03:07:25.331631,0.06,0.94,1.0
2025-12-11T03:07:25.943962,0.055,0.935,0.9900000000000001
2025-12-11T03:07:26.547204,0.07,0.93,1.0
2025-12-11T03:07:27.213521,0.07,0.93,1.0
2025-12-11T03:07:27.834351,0.065,0.935,1.0
2025-12-11T03:07:28.684846,0.06,0.94,1.0
2025-12-11T03:07:29.282578,0.06,0.94,1.0
2025-12-11T03:07:29.881800,0.055,0.945,1.0
2025-12-11T03:07:30.494352,0.055,0.945,1.0
2025-12-11T03:07:31.104903,0.055,0.945,1.0
2025-12-11T03:07:31.717820,0.055,0.945,1.0
2025-12-11T03:07:32.327643,0.055,0.945,1.0
2025-12-11T03:07:32.940316,0.055,0.945,1.0
2025-12-11T03:07:33.554398,0.055,0.945,1.0
2025-12-11T03:07:34.168815,0.05,0.95,1.0
2025-12-11T03:07:34.781135,0.055,0.945,1.0
2025-12-11T03:07:35.393338,0.055,0.945,1.0
2025-12-11T03:07:36.005072,0.055,0.945,1.0
2025-12-11T03:07:36.608421,0.055,0.945,1.0
2025-12-11T03:07:37.223048,0.045,0.955,1.0
2025-12-11T03:07:37.839296,0.05,0.95,1.0
2025-12-11T03:07:38.453354,0.045,0.955,1.0
2025-12-11T03:07:39.082834,0.045,0.955,1.0
2025-12-11T03:07:39.707291,0.05,0.95,1.0
2025-12-11T03:07:40.318943,0.055,0.945,1.0
2025-12-11T03:07:40.931580,0.05,0.95,1.0
2025-12-11T03:07:41.545164,0.045,0.955,1.0
2025-12-11T03:07:42.162658,0.05,0.95,1.0
2025-12-11T03:07:42.773376,0.055,0.945,1.0
2025-12-11T03:07:43.390228,0.05,0.95,1.0
2025-12-11T03:07:44.000613,0.045,0.955,1.0
2025-12-11T03:07:44.615209,0.065,0.935,1.0
2025-12-11T03:07:45.232621,0.075,0.925,1.0
2025-12-11T03:07:45.847460,0.07,0.915,0.9850000000000001
2025-12-11T03:07:46.464025,0.075,0.925,1.0
2025-12-11T03:07:47.074412,0.075,0.925,1.0
2025-12-11T03:07:47.689583,0.075,0.925,1.0
2025-12-11T03:07:48.308463,0.085,0.915,1.0
2025-12-11T03:07:48.925650,0.08,0.92,1.0
2025-12-11T03:07:49.537666,0.08,0.92,1.0
2025-12-11T03:07:50.151275,0.08,0.92,1.0
2025-12-11T03:07:50.766679,0.085,0.915,1.0
2025-12-11T03:07:51.371435,0.085,0.915,1.0
2025-12-11T03:07:51.984819,0.085,0.915,1.0
2025-12-11T03:07:52.597075,0.085,0.915,1.0
2025-12-11T03:07:51.607470,0.08,0.92,1.0
2025-12-11T03:07:52.220729,0.07,0.93,1.0
2025-12-11T03:07:52.831690,0.07,0.93,1.0
2025-12-11T03:07:53.443455,0.07,0.93,1.0
2025-12-11T03:07:54.051004,0.075,0.925,1.0
2025-12-11T03:07:54.668938,0.07,0.93,1.0
2025-12-11T03:07:55.278955,0.075,0.925,1.0
2025-12-11T03:07:55.881266,0.075,0.925,1.0
2025-12-11T03:07:56.493452,0.075,0.925,1.0
2025-12-11T03:07:57.102622,0.095,0.91,1.0050000000000001
2025-12-11T03:07:57.716077,0.075,0.925,1.0
2025-12-11T03:07:58.327194,0.075,0.925,1.0
2025-12-11T03:07:58.943784,0.085,0.915,1.0
2025-12-11T03:07:59.560810,0.095,0.905,1.0
2025-12-11T03:08:00.168269,0.095,0.895,0.99
2025-12-11T03:08:00.778827,0.095,0.905,1.0
2025-12-11T03:08:01.394026,0.095,0.905,1.0
2025-12-11T03:08:02.011629,0.095,0.905,1.0
2025-12-11T03:08:02.627957,0.095,0.905,1.0
2025-12-11T03:08:03.249309,0.095,0.905,1.0
2025-12-11T03:08:03.854433,0.105,0.895,1.0
2025-12-11T03:08:04.476364,0.105,0.895,1.0
2025-12-11T03:08:05.090654,0.115,0.885,1.0
2025-12-11T03:08:05.709338,0.135,0.865,1.0
2025-12-11T03:08:06.326585,0.145,0.855,1.0
2025-12-11T03:08:06.942351,0.165,0.835,1.0
2025-12-11T03:08:07.580335,0.155,0.85,1.005
2025-12-11T03:08:08.196162,0.13,0.87,1.0
2025-12-11T03:08:08.807952,0.13,0.87,1.0
2025-12-11T03:08:09.424918,0.13,0.87,1.0
2025-12-11T03:08:10.116038,0.125,0.875,1.0
2025-12-11T03:08:10.729192,0.125,0.875,1.0
2025-12-11T03:08:11.341501,0.135,0.865,1.0
2025-12-11T03:08:11.956491,0.155,0.845,1.0
2025-12-11T03:08:12.569540,0.15,0.85,1.0
2025-12-11T03:08:13.191866,0.155,0.845,1.0
2025-12-11T03:08:13.802529,0.16,0.84,1.0
2025-12-11T03:08:14.404186,0.165,0.835,1.0
2025-12-11T03:08:15.002978,0.17,0.83,1.0
2025-12-11T03:08:15.614250,0.165,0.835,1.0
2025-12-11T03:08:16.229060,0.155,0.845,1.0
2025-12-11T03:08:16.843015,0.155,0.845,1.0
2025-12-11T03:08:17.461082,0.14,0.86,1.0
2025-12-11T03:08:18.078965,0.135,0.865,1.0
2025-12-11T03:08:18.690086,0.135,0.865,1.0
2025-12-11T03:08:19.285271,0.135,0.86,0.995
2025-12-11T03:08:19.896942,0.15,0.85,1.0
2025-12-11T03:08:20.504082,0.145,0.855,1.0
2025-12-11T03:08:21.117191,0.145,0.855,1.0
2025-12-11T03:08:21.717393,0.145,0.855,1.0
2025-12-11T03:08:22.320730,0.155,0.845,1.0
2025-12-11T03:08:22.938799,0.155,0.845,1.0
2025-12-11T03:08:21.946401,0.155,0.845,1.0
2025-12-11T03:08:22.563435,0.135,0.865,1.0
2025-12-11T03:08:23.179889,0.14,0.86,1.0
2025-12-11T03:08:23.799833,0.135,0.865,1.0
2025-12-11T03:08:24.432885,0.135,0.865,1.0
2025-12-11T03:08:25.031755,0.13,0.87,1.0
2025-12-11T03:08:25.641057,0.13,0.87,1.0
2025-12-11T03:08:26.240681,0.135,0.865,1.0
2025-12-11T03:08:26.856145,0.15,0.85,1.0
2025-12-11T03:08:27.470971,0.15,0.85,1.0
2025-12-11T03:08:28.078371,0.155,0.845,1.0
2025-12-11T03:08:28.693440,0.145,0.855,1.0
2025-12-11T03:08:29.301329,0.155,0.845,1.0
2025-12-11T03:08:29.913384,0.155,0.845,1.0
2025-12-11T03:08:30.515947,0.15,0.85,1.0
2025-12-11T03:08:31.129932,0.15,0.85,1.0
2025-12-11T03:08:31.726884,0.15,0.85,1.0
2025-12-11T03:08:32.328130,0.15,0.85,1.0
2025-12-11T03:08:32.936127,0.15,0.85,1.0
2025-12-11T03:08:33.546471,0.145,0.855,1.0
2025-12-11T03:08:34.147256,0.145,0.85,0.995
2025-12-11T03:08:34.753769,0.145,0.855,1.0
2025-12-11T03:08:35.357011,0.145,0.855,1.0
2025-12-11T03:08:35.973588,0.145,0.855,1.0
2025-12-11T03:08:36.582623,0.14,0.86,1.0
2025-12-11T03:08:37.197303,0.145,0.855,1.0
2025-12-11T03:08:37.808865,0.135,0.865,1.0
2025-12-11T03:08:38.421671,0.125,0.875,1.0
2025-12-11T03:08:39.071489,0.125,0.875,1.0
2025-12-11T03:08:39.681952,0.125,0.875,1.0
2025-12-11T03:08:40.300468,0.13,0.865,0.995
2025-12-11T03:08:40.912116,0.135,0.865,1.0
2025-12-11T03:08:41.518817,0.125,0.88,1.005
2025-12-11T03:08:42.116638,0.115,0.885,1.0
2025-12-11T03:08:42.710200,0.135,0.865,1.0
2025-12-11T03:08:43.311718,0.135,0.865,1.0
2025-12-11T03:08:43.925448,0.135,0.865,1.0
2025-12-11T03:08:44.532958,0.145,0.855,1.0
2025-12-11T03:08:45.131834,0.155,0.845,1.0
2025-12-11T03:08:45.745387,0.16,0.84,1.0
2025-12-11T03:08:46.340033,0.15,0.85,1.0
2025-12-11T03:08:46.950840,0.15,0.85,1.0
2025-12-11T03:08:47.563362,0.14,0.86,1.0
2025-12-11T03:08:48.198203,0.135,0.865,1.0
2025-12-11T03:08:48.809773,0.135,0.865,1.0
2025-12-11T03:08:49.413156,0.135,0.865,1.0
2025-12-11T03:08:50.025573,0.14,0.86,1.0
2025-12-11T03:08:50.641503,0.14,0.86,1.0
2025-12-11T03:08:51.235450,0.14,0.86,1.0
2025-12-11T03:08:51.848280,0.14,0.86,1.0
2025-12-11T03:08:52.446745,0.145,0.855,1.0
2025-12-11T03:08:53.058471,0.14,0.86,1.0
2025-12-11T03:08:53.673868,0.14,0.86,1.0
2025-12-11T03:08:52.704082,0.14,0.86,1.0
2025-12-11T03:08:53.324727,0.135,0.865,1.0
2025-12-11T03:08:53.928330,0.135,0.865,1.0
2025-12-11T03:08:54.540361,0.135,0.865,1.0
2025-12-11T03:08:55.154877,0.135,0.865,1.0
2025-12-11T03:08:55.764867,0.135,0.865,1.0
2025-12-11T03:08:56.371282,0.135,0.865,1.0
2025-12-11T03:08:56.984013,0.135,0.865,1.0
2025-12-11T03:08:57.606395,0.135,0.865,1.0
2025-12-11T03:08:58.213240,0.135,0.865,1.0
2025-12-11T03:08:58.811339,0.135,0.865,1.0
2025-12-11T03:08:59.422545,0.135,0.865,1.0
2025-12-11T03:09:00.024334,0.125,0.875,1.0
2025-12-11T03:09:00.638449,0.125,0.875,1.0
2025-12-11T03:09:01.231548,0.125,0.875,1.0
2025-12-11T03:09:01.844991,0.12,0.88,1.0
2025-12-11T03:09:02.456785,0.12,0.88,1.0
2025-12-11T03:09:03.078957,0.12,0.88,1.0
2025-12-11T03:09:03.695352,0.115,0.885,1.0
2025-12-11T03:09:04.297128,0.105,0.895,1.0
2025-12-11T03:09:04.903837,0.105,0.895,1.0
2025-12-11T03:09:05.528965,0.085,0.915,1.0
2025-12-11T03:09:06.142299,0.085,0.915,1.0
2025-12-11T03:09:06.758037,0.085,0.915,1.0
2025-12-11T03:09:07.375600,0.085,0.915,1.0
2025-12-11T03:09:07.974941,0.085,0.915,1.0
2025-12-11T03:09:08.584224,0.085,0.915,1.0
2025-12-11T03:09:09.195600,0.085,0.915,1.0
2025-12-11T03:09:09.816815,0.085,0.915,1.0
2025-12-11T03:09:10.413577,0.085,0.915,1.0
2025-12-11T03:09:11.019420,0.075,0.925,1.0
2025-12-11T03:09:11.630908,0.075,0.925,1.0
2025-12-11T03:09:12.227932,0.065,0.935,1.0
2025-12-11T03:09:12.826812,0.065,0.935,1.0
2025-12-11T03:09:13.434662,0.065,0.935,1.0
2025-12-11T03:09:14.042770,0.06,0.94,1.0
2025-12-11T03:09:14.635571,0.055,0.945,1.0
2025-12-11T03:09:15.238475,0.055,0.945,1.0
2025-12-11T03:09:15.834919,0.055,0.945,1.0
2025-12-11T03:09:16.448346,0.055,0.945,1.0
2025-12-11T03:09:17.056751,0.055,0.945,1.0
2025-12-11T03:09:17.670330,0.055,0.945,1.0
2025-12-11T03:09:18.293798,0.055,0.945,1.0
2025-12-11T03:09:18.887539,0.055,0.945,1.0
2025-12-11T03:09:19.499091,0.055,0.945,1.0
2025-12-11T03:09:20.107258,0.055,0.945,1.0
2025-12-11T03:09:20.715821,0.055,0.945,1.0
2025-12-11T03:09:21.331046,0.055,0.945,1.0
2025-12-11T03:09:21.927512,0.055,0.945,1.0
2025-12-11T03:09:22.537390,0.035,0.965,1.0
2025-12-11T03:09:23.148775,0.035,0.965,1.0
2025-12-11T03:09:23.747773,0.035,0.965,1.0
2025-12-11T03:09:24.361621,0.035,0.965,1.0
2025-12-11T03:09:23.373306,0.035,0.965,1.0
2025-12-11T03:09:23.989240,0.035,0.965,1.0
2025-12-11T03:09:24.606673,0.035,0.965,1.0
2025-12-11T03:09:25.219946,0.035,0.965,1.0
2025-12-11T03:09:25.831174,0.035,0.965,1.0
2025-12-11T03:09:26.508842,0.035,0.965,1.0
2025-12-11T03:09:27.137312,0.025,0.975,1.0
2025-12-11T03:09:27.745536,0.025,0.975,1.0
2025-12-11T03:09:28.343259,0.025,0.975,1.0
2025-12-11T03:09:28.947980,0.025,0.975,1.0
2025-12-11T03:09:29.570010,0.015,0.985,1.0
2025-12-11T03:09:30.197861,0.025,0.975,1.0
2025-12-11T03:09:30.818915,0.02,0.98,1.0
2025-12-11T03:09:31.421828,0.025,0.975,1.0
2025-12-11T03:09:32.031987,0.025,0.975,1.0
2025-12-11T03:09:32.647748,0.035,0.965,1.0
2025-12-11T03:09:33.249065,0.035,0.965,1.0
2025-12-11T03:09:33.847975,0.03,0.97,1.0
2025-12-11T03:09:34.461431,0.035,0.965,1.0
2025-12-11T03:09:35.073687,0.035,0.965,1.0
2025-12-11T03:09:35.685156,0.03,0.97,1.0
2025-12-11T03:09:36.296646,0.03,0.97,1.0
2025-12-11T03:09:36.911627,0.035,0.965,1.0
2025-12-11T03:09:37.525243,0.045,0.955,1.0
2025-12-11T03:09:38.141062,0.03,0.97,1.0
2025-12-11T03:09:38.751976,0.025,0.975,1.0
2025-12-11T03:09:39.372735,0.03,0.97,1.0
2025-12-11T03:09:39.987118,0.03,0.97,1.0
2025-12-11T03:09:40.597959,0.03,0.97,1.0
2025-12-11T03:09:41.206996,0.025,0.975,1.0
2025-12-11T03:09:41.816122,0.03,0.97,1.0
2025-12-11T03:09:42.436319,0.03,0.97,1.0
2025-12-11T03:09:43.039740,0.03,0.97,1.0
2025-12-11T03:09:43.651179,0.025,0.975,1.0
2025-12-11T03:09:44.266621,0.025,0.975,1.0
2025-12-11T03:09:44.867241,0.025,0.975,1.0
2025-12-11T03:09:45.482638,0.025,0.975,1.0
2025-12-11T03:09:46.094172,0.025,0.975,1.0
2025-12-11T03:09:46.702206,0.025,0.975,1.0
2025-12-11T03:09:47.310231,0.025,0.975,1.0
2025-12-11T03:09:47.918781,0.025,0.975,1.0
2025-12-11T03:09:48.524134,0.025,0.975,1.0
2025-12-11T03:09:49.120233,0.025,0.975,1.0
2025-12-11T03:09:49.719959,0.025,0.975,1.0
2025-12-11T03:09:50.334764,0.025,0.975,1.0
2025-12-11T03:09:50.934297,0.025,0.975,1.0
2025-12-11T03:09:51.541708,0.025,0.975,1.0
2025-12-11T03:09:52.147929,0.025,0.975,1.0
2025-12-11T03:09:52.753704,0.015,0.985,1.0
2025-12-11T03:09:53.363628,0.015,0.985,1.0
2025-12-11T03:09:53.974219,0.015,0.985,1.0
2025-12-11T03:09:54.574368,0.015,0.985,1.0
2025-12-11T03:09:55.184999,0.015,0.985,1.0
2025-12-11T03:09:54.203860,0.015,0.985,1.0
2025-12-11T03:09:54.817950,0.015,0.985,1.0
2025-12-11T03:09:55.430755,0.015,0.985,1.0
2025-12-11T03:09:56.038565,0.015,0.985,1.0
2025-12-11T03:09:56.650247,0.015,0.985,1.0
2025-12-11T03:09:57.244982,0.015,0.985,1.0
2025-12-11T03:09:57.861848,0.015,0.985,1.0
2025-12-11T03:09:58.475057,0.015,0.985,1.0
2025-12-11T03:09:59.083737,0.015,0.985,1.0
2025-12-11T03:09:59.708010,0.015,0.985,1.0
2025-12-11T03:10:00.324392,0.015,0.985,1.0
2025-12-11T03:10:00.925382,0.015,0.985,1.0
2025-12-11T03:10:01.529131,0.015,0.985,1.0
2025-12-11T03:10:02.137285,0.015,0.985,1.0
2025-12-11T03:10:02.756064,0.015,0.985,1.0
2025-12-11T03:10:03.367174,0.015,0.985,1.0
2025-12-11T03:10:03.963710,0.015,0.985,1.0
2025-12-11T03:10:04.575510,0.015,0.985,1.0
2025-12-11T03:10:05.183458,0.015,0.985,1.0
2025-12-11T03:10:05.795253,0.015,0.985,1.0
2025-12-11T03:10:06.407403,0.025,0.975,1.0
2025-12-11T03:10:07.009098,0.025,0.975,1.0
2025-12-11T03:10:07.606351,0.025,0.975,1.0
2025-12-11T03:10:08.219822,0.025,0.975,1.0
2025-12-11T03:10:08.835171,0.025,0.975,1.0
2025-12-11T03:10:09.438241,0.025,0.975,1.0
2025-12-11T03:10:10.050283,0.015,0.985,1.0
2025-12-11T03:10:10.667292,0.025,0.975,1.0
2025-12-11T03:10:11.282631,0.025,0.975,1.0
2025-12-11T03:10:11.886335,0.025,0.975,1.0
2025-12-11T03:10:12.497005,0.025,0.975,1.0
2025-12-11T03:10:13.110700,0.025,0.975,1.0
2025-12-11T03:10:13.751088,0.025,0.975,1.0
2025-12-11T03:10:14.364688,0.025,0.975,1.0
2025-12-11T03:10:14.979246,0.025,0.975,1.0
2025-12-11T03:10:16.223988,0.015,0.985,1.0
2025-12-11T03:10:16.853529,0.015,0.985,1.0
2025-12-11T03:10:17.459552,0.015,0.985,1.0
2025-12-11T03:10:18.075794,0.015,0.985,1.0
2025-12-11T03:10:18.692435,0.015,0.985,1.0
2025-12-11T03:10:19.301384,0.015,0.985,1.0
2025-12-11T03:10:19.916018,0.015,0.985,1.0
2025-12-11T03:10:20.534197,0.015,0.985,1.0
2025-12-11T03:10:21.139911,0.015,0.985,1.0
2025-12-11T03:10:21.751054,0.015,0.985,1.0
2025-12-11T03:10:22.374841,0.015,0.985,1.0
2025-12-11T03:10:22.994645,0.015,0.985,1.0
2025-12-11T03:10:23.609713,0.015,0.985,1.0
2025-12-11T03:10:24.235479,0.015,0.985,1.0
2025-12-11T03:10:24.841909,0.015,0.985,1.0
2025-12-11T03:10:25.452062,0.015,0.985,1.0
2025-12-11T03:10:24.455918,0.015,0.985,1.0
2025-12-11T03:10:25.071069,0.015,0.985,1.0
2025-12-11T03:10:25.681574,0.015,0.985,1.0
2025-12-11T03:10:26.539007,0.015,0.985,1.0
2025-12-11T03:10:27.149444,0.015,0.985,1.0
2025-12-11T03:10:27.750006,0.015,0.985,1.0
2025-12-11T03:10:28.361213,0.015,0.985,1.0
2025-12-11T03:10:28.969603,0.015,0.985,1.0
2025-12-11T03:10:29.570970,0.015,0.985,1.0
2025-12-11T03:10:30.182945,0.015,0.985,1.0
2025-12-11T03:10:30.805270,0.015,0.985,1.0
2025-12-11T03:10:31.421239,0.015,0.985,1.0
2025-12-11T03:10:32.030268,0.015,0.985,1.0
2025-12-11T03:10:32.634701,0.015,0.985,1.0
2025-12-11T03:10:33.232726,0.015,0.985,1.0
2025-12-11T03:10:33.842229,0.015,0.985,1.0
2025-12-11T03:10:34.452614,0.015,0.985,1.0
2025-12-11T03:10:35.070055,0.015,0.985,1.0
2025-12-11T03:10:35.696001,0.015,0.985,1.0
2025-12-11T03:10:36.308672,0.015,0.985,1.0
2025-12-11T03:10:36.910911,0.015,0.985,1.0
2025-12-11T03:10:37.522440,0.015,0.985,1.0
2025-12-11T03:10:38.147033,0.015,0.985,1.0
2025-12-11T03:10:38.739729,0.015,0.985,1.0
2025-12-11T03:10:39.335730,0.015,0.985,1.0
2025-12-11T03:10:39.947300,0.015,0.985,1.0
2025-12-11T03:10:40.559078,0.015,0.985,1.0
2025-12-11T03:10:41.179840,0.015,0.985,1.0
2025-12-11T03:10:41.795221,0.015,0.985,1.0
2025-12-11T03:10:42.435751,0.015,0.985,1.0
2025-12-11T03:10:43.032067,0.015,0.985,1.0
2025-12-11T03:10:43.625586,0.015,0.985,1.0
2025-12-11T03:10:44.240355,0.015,0.985,1.0
2025-12-11T03:10:44.847659,0.015,0.985,1.0
2025-12-11T03:10:45.461228,0.015,0.985,1.0
2025-12-11T03:10:46.064829,0.015,0.985,1.0
2025-12-11T03:10:46.679258,0.015,0.985,1.0
2025-12-11T03:10:47.277135,0.015,0.985,1.0
2025-12-11T03:10:47.889570,0.015,0.985,1.0
2025-12-11T03:10:48.506213,0.015,0.985,1.0
2025-12-11T03:10:49.133939,0.015,0.985,1.0
2025-12-11T03:10:49.742810,0.015,0.985,1.0
2025-12-11T03:10:50.366937,0.015,0.985,1.0
2025-12-11T03:10:50.978485,0.015,0.985,1.0
2025-12-11T03:10:51.588306,0.015,0.985,1.0
2025-12-11T03:10:52.210515,0.015,0.985,1.0
2025-12-11T03:10:52.819788,0.015,0.985,1.0
2025-12-11T03:10:53.433999,0.015,0.985,1.0
2025-12-11T03:10:54.043964,0.015,0.985,1.0
2025-12-11T03:10:54.662054,0.015,0.985,1.0
2025-12-11T03:10:55.280956,0.015,0.985,1.0
2025-12-11T03:10:55.887863,0.015,0.985,1.0
2025-12-11T03:10:56.503556,0.015,0.985,1.0
2025-12-11T03:10:55.520940,0.015,0.985,1.0
2025-12-11T03:10:56.134536,0.015,0.985,1.0
2025-12-11T03:10:56.761990,0.015,0.985,1.0
2025-12-11T03:10:57.379047,0.015,0.985,1.0
2025-12-11T03:10:57.998011,0.015,0.985,1.0
2025-12-11T03:10:58.614805,0.015,0.985,1.0
2025-12-11T03:10:59.225143,0.015,0.985,1.0
2025-12-11T03:10:59.841943,0.015,0.985,1.0
2025-12-11T03:11:00.438678,0.015,0.985,1.0
2025-12-11T03:11:01.052872,0.015,0.985,1.0
2025-12-11T03:11:01.660310,0.015,0.985,1.0
2025-12-11T03:11:02.270559,0.015,0.985,1.0
2025-12-11T03:11:02.880523,0.015,0.985,1.0
2025-12-11T03:11:03.503524,0.015,0.985,1.0
2025-12-11T03:11:04.116651,0.015,0.985,1.0
2025-12-11T03:11:04.726425,0.015,0.985,1.0
2025-12-11T03:11:05.340428,0.015,0.985,1.0
2025-12-11T03:11:05.949962,0.015,0.985,1.0
2025-12-11T03:11:06.564485,0.015,0.985,1.0
2025-12-11T03:11:07.179493,0.015,0.985,1.0
2025-12-11T03:11:07.800413,0.015,0.985,1.0
2025-12-11T03:11:08.416656,0.015,0.985,1.0
2025-12-11T03:11:09.023352,0.015,0.985,1.0
2025-12-11T03:11:09.635765,0.015,0.985,1.0
2025-12-11T03:11:10.234953,0.015,0.985,1.0
2025-12-11T03:11:10.845521,0.015,0.985,1.0
2025-12-11T03:11:11.454972,0.015,0.985,1.0
2025-12-11T03:11:12.065490,0.015,0.985,1.0
2025-12-11T03:11:12.682263,0.015,0.985,1.0
2025-12-11T03:11:13.283718,0.005,0.995,1.0
2025-12-11T03:11:13.896638,0.005,0.995,1.0
2025-12-11T03:11:14.493700,0.005,0.995,1.0
2025-12-11T03:11:15.100855,0.005,0.995,1.0
2025-12-11T03:11:15.713806,0.005,0.995,1.0
2025-12-11T03:11:16.317156,0.005,0.995,1.0
2025-12-11T03:11:16.933730,0.005,0.995,1.0
2025-12-11T03:11:17.539385,0.005,0.995,1.0
2025-12-11T03:11:18.139163,0.005,0.995,1.0
2025-12-11T03:11:18.749486,0.005,0.995,1.0
2025-12-11T03:11:19.349635,0.005,0.995,1.0
2025-12-11T03:11:19.963410,0.005,0.995,1.0
2025-12-11T03:11:20.571700,0.005,0.995,1.0
2025-12-11T03:11:21.185615,0.005,0.995,1.0
2025-12-11T03:11:21.785770,0.005,0.995,1.0
2025-12-11T03:11:22.401356,0.005,0.995,1.0
2025-12-11T03:11:23.018468,0.005,0.995,1.0
2025-12-11T03:11:23.616577,0.005,0.995,1.0
2025-12-11T03:11:24.228830,0.005,0.995,1.0
2025-12-11T03:11:24.846693,0.005,0.995,1.0
2025-12-11T03:11:25.463915,0.005,0.995,1.0
2025-12-11T03:11:26.061361,0.005,0.995,1.0
2025-12-11T03:11:26.672964,0.005,0.995,1.0
2025-12-11T03:11:27.285512,0.005,0.995,1.0
2025-12-11T03:11:26.251559,0.005,0.995,1.0
2025-12-11T03:11:26.865711,0.005,0.995,1.0
2025-12-11T03:11:27.478554,0.005,0.995,1.0
2025-12-11T03:11:28.115153,0.005,0.995,1.0
2025-12-11T03:11:28.731334,0.005,0.995,1.0
2025-12-11T03:11:29.337304,0.005,0.995,1.0
2025-12-11T03:11:29.946448,0.005,0.995,1.0
2025-12-11T03:11:30.565213,0.005,0.995,1.0
2025-12-11T03:11:31.178193,0.005,0.995,1.0
2025-12-11T03:11:31.798485,0.005,0.995,1.0
2025-12-11T03:11:32.394069,0.005,0.995,1.0
2025-12-11T03:11:33.003473,0.005,0.995,1.0
2025-12-11T03:11:33.607090,0.005,0.995,1.0
2025-12-11T03:11:34.218923,0.005,0.995,1.0
2025-12-11T03:11:34.824667,0.005,0.995,1.0
2025-12-11T03:11:35.429594,0.005,0.995,1.0
2025-12-11T03:11:36.038950,0.005,0.995,1.0
2025-12-11T03:11:36.645346,0.005,0.995,1.0
2025-12-11T03:11:37.260760,0.005,0.995,1.0
2025-12-11T03:11:37.878516,0.005,0.995,1.0
2025-12-11T03:11:38.494461,0.005,0.995,1.0
2025-12-11T03:11:39.108358,0.005,0.995,1.0
2025-12-11T03:11:39.720489,0.005,0.995,1.0
2025-12-11T03:11:40.339073,0.005,0.995,1.0
2025-12-11T03:11:40.956061,0.005,0.995,1.0
2025-12-11T03:11:41.572133,0.005,0.995,1.0
2025-12-11T03:11:42.192212,0.005,0.995,1.0
2025-12-11T03:11:42.797877,0.005,0.995,1.0
2025-12-11T03:11:43.419922,0.005,0.995,1.0
2025-12-11T03:11:44.043942,0.005,0.995,1.0
2025-12-11T03:11:44.663663,0.005,0.995,1.0
2025-12-11T03:11:45.259838,0.005,0.995,1.0
2025-12-11T03:11:45.876912,0.005,0.995,1.0
2025-12-11T03:11:46.494867,0.005,0.995,1.0
2025-12-11T03:11:47.110791,0.005,0.995,1.0
2025-12-11T03:11:47.724341,0.005,0.995,1.0
2025-12-11T03:11:48.341512,0.005,0.995,1.0
2025-12-11T03:11:48.968951,0.005,0.995,1.0
2025-12-11T03:11:49.593558,0.005,0.995,1.0
2025-12-11T03:11:50.222097,0.005,0.995,1.0
2025-12-11T03:11:50.838465,0.005,0.995,1.0
2025-12-11T03:11:51.451273,0.005,0.995,1.0
2025-12-11T03:11:52.064896,0.005,0.995,1.0
2025-12-11T03:11:52.683650,0.005,0.995,1.0
2025-12-11T03:11:53.295342,0.005,0.995,1.0
2025-12-11T03:11:53.909242,0.005,0.995,1.0
2025-12-11T03:11:54.523336,0.005,0.995,1.0
2025-12-11T03:11:55.136188,0.005,0.995,1.0
2025-12-11T03:11:55.750597,0.005,0.995,1.0
2025-12-11T03:11:56.360991,0.005,0.995,1.0
2025-12-11T03:11:57.006984,0.005,0.995,1.0
2025-12-11T03:11:57.627675,0.005,0.995,1.0
2025-12-11T03:11:56.637279,0.005,0.995,1.0
2025-12-11T03:11:57.250110,0.005,0.995,1.0
2025-12-11T03:11:57.885850,0.005,0.995,1.0
2025-12-11T03:11:58.499869,0.005,0.995,1.0
2025-12-11T03:11:59.118705,0.005,0.995,1.0
2025-12-11T03:11:59.731776,0.005,0.995,1.0
2025-12-11T03:12:00.348866,0.005,0.995,1.0
2025-12-11T03:12:00.960901,0.005,0.995,1.0
2025-12-11T03:12:01.574590,0.005,0.995,1.0
2025-12-11T03:12:02.181230,0.005,0.995,1.0
2025-12-11T03:12:02.780236,0.005,0.995,1.0
2025-12-11T03:12:03.376613,0.005,0.995,1.0
2025-12-11T03:12:03.981340,0.005,0.995,1.0
2025-12-11T03:12:04.588136,0.005,0.995,1.0
2025-12-11T03:12:05.197372,0.005,0.995,1.0
2025-12-11T03:12:05.804747,0.005,0.995,1.0
2025-12-11T03:12:06.414871,0.005,0.995,1.0
2025-12-11T03:12:07.024341,0.005,0.995,1.0
2025-12-11T03:12:07.634344,0.005,0.995,1.0
2025-12-11T03:12:08.234968,0.005,0.995,1.0
2025-12-11T03:12:08.849582,0.005,0.995,1.0
2025-12-11T03:12:09.462601,0.005,0.995,1.0
2025-12-11T03:12:10.077964,0.005,0.995,1.0
2025-12-11T03:12:10.694149,0.005,0.995,1.0
2025-12-11T03:12:11.288892,0.005,0.995,1.0
2025-12-11T03:12:11.900840,0.005,0.995,1.0
2025-12-11T03:12:12.502687,0.005,0.995,1.0
2025-12-11T03:12:13.110470,0.005,0.995,1.0
2025-12-11T03:12:13.720221,0.005,0.995,1.0
2025-12-11T03:12:14.315913,0.005,0.995,1.0
2025-12-11T03:12:14.918639,0.005,0.995,1.0
2025-12-11T03:12:15.525064,0.005,0.995,1.0
2025-12-11T03:12:16.135399,0.005,0.995,1.0
2025-12-11T03:12:16.741150,0.005,0.995,1.0
2025-12-11T03:12:17.342977,0.005,0.995,1.0
2025-12-11T03:12:17.955700,0.005,0.995,1.0
2025-12-11T03:12:18.549810,0.005,0.995,1.0
2025-12-11T03:12:19.181855,0.005,0.995,1.0
2025-12-11T03:12:19.789530,0.005,0.995,1.0
2025-12-11T03:12:20.402028,0.005,0.995,1.0
2025-12-11T03:12:21.020161,0.005,0.995,1.0
2025-12-11T03:12:21.630368,0.005,0.995,1.0
2025-12-11T03:12:22.242850,0.005,0.995,1.0
2025-12-11T03:12:22.836410,0.005,0.995,1.0
2025-12-11T03:12:23.450511,0.005,0.995,1.0
2025-12-11T03:12:24.071689,0.005,0.995,1.0
2025-12-11T03:12:24.681486,0.005,0.995,1.0
2025-12-11T03:12:25.294063,0.005,0.995,1.0
2025-12-11T03:12:25.913089,0.005,0.995,1.0
2025-12-11T03:12:26.514996,0.005,0.995,1.0
2025-12-11T03:12:27.113121,0.005,0.995,1.0
2025-12-11T03:12:27.714762,0.005,0.995,1.0
2025-12-11T03:12:28.332248,0.005,0.995,1.0
2025-12-11T03:12:27.363939,0.005,0.995,1.0
2025-12-11T03:12:27.976862,0.005,0.995,1.0
2025-12-11T03:12:28.577470,0.005,0.995,1.0
2025-12-11T03:12:29.170494,0.005,0.995,1.0
2025-12-11T03:12:29.779661,0.005,0.995,1.0
2025-12-11T03:12:30.391413,0.005,0.995,1.0
2025-12-11T03:12:31.005566,0.005,0.995,1.0
2025-12-11T03:12:31.599801,0.005,0.995,1.0
2025-12-11T03:12:32.272678,0.005,0.995,1.0
2025-12-11T03:12:32.879230,0.005,0.995,1.0
2025-12-11T03:12:33.487861,0.005,0.995,1.0
2025-12-11T03:12:34.090395,0.005,0.995,1.0
2025-12-11T03:12:34.700764,0.005,0.995,1.0
2025-12-11T03:12:35.313016,0.005,0.995,1.0
2025-12-11T03:12:35.912093,0.005,0.995,1.0
2025-12-11T03:12:36.523692,0.005,0.995,1.0
2025-12-11T03:12:37.133239,0.005,0.995,1.0
2025-12-11T03:12:37.739532,0.005,0.995,1.0
2025-12-11T03:12:38.354907,0.005,0.995,1.0
2025-12-11T03:12:38.962485,0.005,0.995,1.0
2025-12-11T03:12:39.572917,0.005,0.995,1.0
2025-12-11T03:12:40.180890,0.005,0.995,1.0
2025-12-11T03:12:40.791177,0.005,0.995,1.0
2025-12-11T03:12:41.399876,0.005,0.995,1.0
2025-12-11T03:12:42.008442,0.005,0.995,1.0
2025-12-11T03:12:42.623236,0.005,0.995,1.0
2025-12-11T03:12:43.231511,0.005,0.995,1.0
2025-12-11T03:12:43.847695,0.005,0.995,1.0
2025-12-11T03:12:44.468388,0.005,0.995,1.0
2025-12-11T03:12:45.088595,0.005,0.995,1.0
2025-12-11T03:12:45.701310,0.005,0.995,1.0
2025-12-11T03:12:46.301823,0.005,0.995,1.0
2025-12-11T03:12:46.916902,0.005,0.995,1.0
2025-12-11T03:12:47.521279,0.005,0.995,1.0
2025-12-11T03:12:48.130726,0.005,0.995,1.0
2025-12-11T03:12:48.746911,0.005,0.995,1.0
2025-12-11T03:12:49.347514,0.005,0.995,1.0
2025-12-11T03:12:49.958869,0.005,0.995,1.0
2025-12-11T03:12:50.567452,0.005,0.995,1.0
2025-12-11T03:12:51.176302,0.005,0.995,1.0
2025-12-11T03:12:51.801109,0.005,0.995,1.0
2025-12-11T03:12:52.416883,0.005,0.995,1.0
2025-12-11T03:12:53.031872,0.005,0.995,1.0
2025-12-11T03:12:53.643094,0.005,0.995,1.0
2025-12-11T03:12:54.255465,0.005,0.995,1.0
2025-12-11T03:12:54.879301,0.005,0.995,1.0
2025-12-11T03:12:55.487596,0.005,0.995,1.0
2025-12-11T03:12:56.098203,0.005,0.995,1.0
2025-12-11T03:12:56.699777,0.005,0.995,1.0
2025-12-11T03:12:57.299745,0.005,0.995,1.0
2025-12-11T03:12:57.901055,0.005,0.995,1.0
2025-12-11T03:12:58.518740,0.005,0.995,1.0
2025-12-11T03:12:59.132370,0.005,0.995,1.0
2025-12-11T03:12:58.144626,0.005,0.995,1.0
2025-12-11T03:12:58.754970,0.005,0.995,1.0
2025-12-11T03:12:59.363215,0.005,0.995,1.0
2025-12-11T03:12:59.978025,0.005,0.995,1.0
2025-12-11T03:13:00.578290,0.005,0.995,1.0
2025-12-11T03:13:01.186260,0.005,0.995,1.0
2025-12-11T03:13:01.797402,0.005,0.995,1.0
2025-12-11T03:13:02.406906,0.005,0.995,1.0
2025-12-11T03:13:03.017342,0.005,0.995,1.0
2025-12-11T03:13:03.639193,0.005,0.995,1.0
2025-12-11T03:13:04.248755,0.005,0.995,1.0
2025-12-11T03:13:04.850057,0.005,0.995,1.0
2025-12-11T03:13:05.451654,0.005,0.995,1.0
2025-12-11T03:13:06.078093,0.005,0.995,1.0
2025-12-11T03:13:06.685745,0.005,0.995,1.0
2025-12-11T03:13:07.293831,0.005,0.995,1.0
2025-12-11T03:13:07.909484,0.005,0.995,1.0
2025-12-11T03:13:08.517805,0.005,0.995,1.0
2025-12-11T03:13:09.151252,0.005,0.995,1.0
2025-12-11T03:13:09.759536,0.005,0.995,1.0
2025-12-11T03:13:10.373238,0.005,0.995,1.0
2025-12-11T03:13:10.988066,0.005,0.995,1.0
2025-12-11T03:13:11.602757,0.005,0.995,1.0
2025-12-11T03:13:12.212405,0.005,0.995,1.0
2025-12-11T03:13:12.828663,0.005,0.995,1.0
2025-12-11T03:13:13.439421,0.005,0.995,1.0
2025-12-11T03:13:14.066333,0.005,0.995,1.0
2025-12-11T03:13:14.682953,0.005,0.995,1.0
2025-12-11T03:13:15.291185,0.005,0.995,1.0
2025-12-11T03:13:15.890771,0.005,0.995,1.0
2025-12-11T03:13:16.508063,0.005,0.995,1.0
2025-12-11T03:13:17.123836,0.005,0.995,1.0
2025-12-11T03:13:17.744339,0.005,0.995,1.0
2025-12-11T03:13:18.358688,0.005,0.995,1.0
2025-12-11T03:13:18.971792,0.005,0.995,1.0
2025-12-11T03:13:19.572328,0.005,0.995,1.0
2025-12-11T03:13:20.178508,0.005,0.995,1.0
2025-12-11T03:13:20.790682,0.005,0.995,1.0
2025-12-11T03:13:21.404641,0.005,0.995,1.0
2025-12-11T03:13:22.012563,0.005,0.995,1.0
2025-12-11T03:13:22.630334,0.005,0.995,1.0
2025-12-11T03:13:23.248062,0.005,0.995,1.0
2025-12-11T03:13:23.851480,0.005,0.995,1.0
2025-12-11T03:13:24.467512,0.005,0.995,1.0
2025-12-11T03:13:25.076473,0.005,0.995,1.0
2025-12-11T03:13:25.684247,0.005,0.995,1.0
2025-12-11T03:13:26.296026,0.005,0.995,1.0
2025-12-11T03:13:26.907474,0.005,0.995,1.0
2025-12-11T03:13:27.519394,0.005,0.995,1.0
2025-12-11T03:13:28.120880,0.005,0.995,1.0
2025-12-11T03:13:28.734124,0.005,0.995,1.0
2025-12-11T03:13:29.344913,0.005,0.995,1.0
2025-12-11T03:13:28.338543,0.005,0.995,1.0
2025-12-11T03:13:28.949130,0.005,0.995,1.0
2025-12-11T03:13:29.561009,0.005,0.995,1.0
2025-12-11T03:13:30.171995,0.005,0.995,1.0
2025-12-11T03:13:30.778432,0.005,0.995,1.0
2025-12-11T03:13:31.396259,0.005,0.995,1.0
2025-12-11T03:13:32.011299,0.005,0.995,1.0
2025-12-11T03:13:32.661688,0.005,0.995,1.0
2025-12-11T03:13:33.274336,0.005,0.995,1.0
2025-12-11T03:13:33.887196,0.005,0.995,1.0
2025-12-11T03:13:34.510648,0.005,0.995,1.0
2025-12-11T03:13:35.115962,0.005,0.995,1.0
2025-12-11T03:13:35.727362,0.005,0.995,1.0
2025-12-11T03:13:36.343639,0.005,0.995,1.0
2025-12-11T03:13:36.953340,0.005,0.995,1.0
2025-12-11T03:13:37.573406,0.005,0.995,1.0
2025-12-11T03:13:38.180693,0.005,0.995,1.0
2025-12-11T03:13:38.796977,0.005,0.995,1.0
2025-12-11T03:13:39.406499,0.005,0.995,1.0
2025-12-11T03:13:40.016501,0.005,0.995,1.0
2025-12-11T03:13:40.631067,0.005,0.995,1.0
2025-12-11T03:13:41.231677,0.005,0.995,1.0
2025-12-11T03:13:41.839696,0.005,0.995,1.0
2025-12-11T03:13:42.448981,0.005,0.995,1.0
2025-12-11T03:13:43.057587,0.005,0.995,1.0
2025-12-11T03:13:43.668146,0.005,0.995,1.0
2025-12-11T03:13:44.276328,0.005,0.995,1.0
2025-12-11T03:13:44.891372,0.005,0.995,1.0
2025-12-11T03:13:45.513710,0.005,0.995,1.0
2025-12-11T03:13:46.115772,0.005,0.995,1.0
2025-12-11T03:13:46.737175,0.005,0.995,1.0
2025-12-11T03:13:47.346782,0.005,0.995,1.0
2025-12-11T03:13:47.965009,0.005,0.995,1.0
2025-12-11T03:13:48.574639,0.005,0.995,1.0
2025-12-11T03:13:49.192437,0.005,0.995,1.0
2025-12-11T03:13:49.799157,0.005,0.995,1.0
2025-12-11T03:13:50.413180,0.005,0.995,1.0
2025-12-11T03:13:51.014315,0.005,0.995,1.0
2025-12-11T03:13:51.624074,0.005,0.995,1.0
2025-12-11T03:13:52.237770,0.005,0.995,1.0
2025-12-11T03:13:52.848348,0.005,0.995,1.0
2025-12-11T03:13:53.455534,0.005,0.995,1.0
2025-12-11T03:13:54.054460,0.005,0.995,1.0
2025-12-11T03:13:54.665407,0.005,0.995,1.0
2025-12-11T03:13:55.286438,0.005,0.995,1.0
2025-12-11T03:13:55.896372,0.005,0.995,1.0
2025-12-11T03:13:56.506775,0.005,0.995,1.0
2025-12-11T03:13:57.118017,0.005,0.995,1.0
2025-12-11T03:13:57.750479,0.005,0.995,1.0
2025-12-11T03:13:58.363408,0.005,0.995,1.0
2025-12-11T03:13:58.978742,0.005,0.995,1.0
2025-12-11T03:13:59.589420,0.005,0.995,1.0
2025-12-11T03:14:00.191021,0.005,0.995,1.0
2025-12-11T03:13:59.219116,0.005,0.995,1.0
2025-12-11T03:13:59.830493,0.005,0.995,1.0
2025-12-11T03:14:00.433014,0.005,0.995,1.0
2025-12-11T03:14:01.042523,0.005,0.995,1.0
2025-12-11T03:14:01.653715,0.005,0.995,1.0
2025-12-11T03:14:02.268124,0.005,0.995,1.0
2025-12-11T03:14:02.872489,0.005,0.995,1.0
2025-12-11T03:14:03.482159,0.005,0.995,1.0
2025-12-11T03:14:04.094954,0.005,0.995,1.0
2025-12-11T03:14:04.705014,0.005,0.995,1.0
2025-12-11T03:14:05.315710,0.005,0.995,1.0
2025-12-11T03:14:05.942791,0.005,0.995,1.0
2025-12-11T03:14:06.558484,0.005,0.995,1.0
2025-12-11T03:14:07.165661,0.005,0.995,1.0
2025-12-11T03:14:07.781301,0.005,0.995,1.0
2025-12-11T03:14:08.392384,0.005,0.995,1.0
2025-12-11T03:14:08.991783,0.005,0.995,1.0
2025-12-11T03:14:09.608119,0.005,0.995,1.0
2025-12-11T03:14:10.215682,0.005,0.995,1.0
2025-12-11T03:14:10.829607,0.005,0.995,1.0
2025-12-11T03:14:11.445553,0.005,0.995,1.0
2025-12-11T03:14:12.059776,0.005,0.995,1.0
2025-12-11T03:14:12.669529,0.005,0.995,1.0
2025-12-11T03:14:13.268381,0.005,0.995,1.0
2025-12-11T03:14:13.877816,0.005,0.995,1.0
2025-12-11T03:14:14.495533,0.005,0.995,1.0
2025-12-11T03:14:15.108493,0.005,0.995,1.0
2025-12-11T03:14:15.738340,0.005,0.995,1.0
2025-12-11T03:14:16.352265,0.005,0.995,1.0
2025-12-11T03:14:16.961485,0.005,0.995,1.0
2025-12-11T03:14:17.566048,0.005,0.995,1.0
2025-12-11T03:14:18.169165,0.005,0.995,1.0
2025-12-11T03:14:18.782057,0.005,0.995,1.0
2025-12-11T03:14:19.385963,0.005,0.995,1.0
2025-12-11T03:14:19.996781,0.005,0.995,1.0
2025-12-11T03:14:20.598151,0.005,0.995,1.0
2025-12-11T03:14:21.210625,0.005,0.995,1.0
2025-12-11T03:14:21.819781,0.005,0.995,1.0
2025-12-11T03:14:22.444912,0.005,0.995,1.0
2025-12-11T03:14:23.059440,0.005,0.995,1.0
2025-12-11T03:14:23.668321,0.005,0.995,1.0
2025-12-11T03:14:24.280338,0.005,0.995,1.0
2025-12-11T03:14:24.883500,0.005,0.995,1.0
2025-12-11T03:14:25.492244,0.005,0.995,1.0
2025-12-11T03:14:26.106969,0.005,0.995,1.0
2025-12-11T03:14:26.716527,0.005,0.995,1.0
2025-12-11T03:14:27.328074,0.005,0.995,1.0
2025-12-11T03:14:27.937579,0.005,0.995,1.0
2025-12-11T03:14:28.538416,0.005,0.995,1.0
2025-12-11T03:14:29.154676,0.005,0.995,1.0
2025-12-11T03:14:29.752267,0.005,0.995,1.0
2025-12-11T03:14:30.362195,0.005,0.995,1.0
2025-12-11T03:14:30.998050,0.005,0.995,1.0
2025-12-11T03:14:30.013053,0.005,0.995,1.0
2025-12-11T03:14:30.619730,0.005,0.995,1.0
2025-12-11T03:14:31.232179,0.005,0.995,1.0
2025-12-11T03:14:31.846762,0.005,0.995,1.0
2025-12-11T03:14:32.447885,0.005,0.995,1.0
2025-12-11T03:14:33.133199,0.005,0.995,1.0
2025-12-11T03:14:33.747319,0.005,0.995,1.0
2025-12-11T03:14:34.340062,0.005,0.995,1.0
2025-12-11T03:14:34.948403,0.005,0.995,1.0
2025-12-11T03:14:35.562693,0.005,0.995,1.0
2025-12-11T03:14:36.175912,0.005,0.995,1.0
2025-12-11T03:14:36.787144,0.005,0.995,1.0
2025-12-11T03:14:37.404602,0.005,0.995,1.0
2025-12-11T03:14:38.012841,0.005,0.995,1.0
2025-12-11T03:14:38.616142,0.005,0.995,1.0
2025-12-11T03:14:39.228901,0.005,0.995,1.0
2025-12-11T03:14:39.835041,0.005,0.995,1.0
2025-12-11T03:14:40.447715,0.005,0.995,1.0
2025-12-11T03:14:41.066886,0.005,0.995,1.0
2025-12-11T03:14:41.679153,0.005,0.995,1.0
2025-12-11T03:14:42.293688,0.005,0.995,1.0
2025-12-11T03:14:42.889935,0.005,0.995,1.0
2025-12-11T03:14:43.512646,0.005,0.995,1.0
2025-12-11T03:14:44.129626,0.005,0.995,1.0
2025-12-11T03:14:44.735911,0.005,0.995,1.0
2025-12-11T03:14:45.350767,0.005,0.995,1.0
2025-12-11T03:14:45.967207,0.005,0.995,1.0
2025-12-11T03:14:46.576181,0.005,0.995,1.0
2025-12-11T03:14:47.189318,0.005,0.995,1.0
2025-12-11T03:14:47.799392,0.005,0.995,1.0
2025-12-11T03:14:48.416329,0.005,0.995,1.0
2025-12-11T03:14:49.025123,0.005,0.995,1.0
2025-12-11T03:14:49.636619,0.005,0.995,1.0
2025-12-11T03:14:50.250488,0.005,0.995,1.0
2025-12-11T03:14:50.846289,0.005,0.995,1.0
2025-12-11T03:14:51.452695,0.005,0.995,1.0
2025-12-11T03:14:52.066902,0.005,0.995,1.0
2025-12-11T03:14:52.683510,0.005,0.995,1.0
2025-12-11T03:14:53.296097,0.005,0.995,1.0
2025-12-11T03:14:53.909341,0.005,0.995,1.0
2025-12-11T03:14:54.550194,0.005,0.995,1.0
2025-12-11T03:14:55.227514,0.005,0.995,1.0
2025-12-11T03:14:55.837972,0.005,0.995,1.0
2025-12-11T03:14:56.448832,0.005,0.995,1.0
2025-12-11T03:14:57.055881,0.005,0.995,1.0
2025-12-11T03:14:57.668906,0.005,0.995,1.0
2025-12-11T03:14:58.286616,0.005,0.995,1.0
2025-12-11T03:14:58.887432,0.005,0.995,1.0
2025-12-11T03:14:59.504739,0.005,0.995,1.0
2025-12-11T03:15:00.116549,0.005,0.995,1.0
2025-12-11T03:15:00.726988,0.005,0.995,1.0
2025-12-11T03:15:01.344128,0.005,0.995,1.0
2025-12-11T03:15:00.359283,0.005,0.995,1.0
2025-12-11T03:15:00.973157,0.005,0.995,1.0
2025-12-11T03:15:01.580857,0.005,0.995,1.0
2025-12-11T03:15:02.195922,0.005,0.995,1.0
2025-12-11T03:15:02.804450,0.005,0.995,1.0
2025-12-11T03:15:03.419312,0.005,0.995,1.0
2025-12-11T03:15:04.016517,0.005,0.995,1.0
2025-12-11T03:15:04.628724,0.005,0.995,1.0
2025-12-11T03:15:05.221594,0.005,0.995,1.0
2025-12-11T03:15:05.836934,0.005,0.995,1.0
2025-12-11T03:15:06.455655,0.005,0.995,1.0
2025-12-11T03:15:07.068640,0.005,0.995,1.0
2025-12-11T03:15:07.676351,0.005,0.995,1.0
2025-12-11T03:15:08.280519,0.005,0.995,1.0
2025-12-11T03:15:08.897123,0.005,0.995,1.0
2025-12-11T03:15:09.511880,0.005,0.995,1.0
2025-12-11T03:15:10.124903,0.005,0.995,1.0
2025-12-11T03:15:10.728694,0.005,0.995,1.0
2025-12-11T03:15:11.344153,0.005,0.995,1.0
2025-12-11T03:15:11.952577,0.005,0.995,1.0
2025-12-11T03:15:12.569975,0.005,0.995,1.0
2025-12-11T03:15:13.178722,0.005,0.995,1.0
2025-12-11T03:15:13.787142,0.005,0.995,1.0
2025-12-11T03:15:14.379394,0.005,0.995,1.0
2025-12-11T03:15:14.988358,0.005,0.995,1.0
2025-12-11T03:15:15.598190,0.005,0.995,1.0
2025-12-11T03:15:16.208034,0.005,0.995,1.0
2025-12-11T03:15:16.815177,0.005,0.995,1.0
2025-12-11T03:15:17.426266,0.005,0.995,1.0
2025-12-11T03:15:18.068265,0.005,0.995,1.0
2025-12-11T03:15:18.671755,0.005,0.995,1.0
2025-12-11T03:15:19.297708,0.005,0.995,1.0
2025-12-11T03:15:19.924304,0.005,0.995,1.0
2025-12-11T03:15:20.535637,0.005,0.995,1.0
2025-12-11T03:15:21.148051,0.005,0.995,1.0
2025-12-11T03:15:21.758909,0.005,0.995,1.0
2025-12-11T03:15:22.374628,0.005,0.995,1.0
2025-12-11T03:15:22.986009,0.005,0.995,1.0
2025-12-11T03:15:23.601810,0.005,0.995,1.0
2025-12-11T03:15:24.266376,0.005,0.995,1.0
2025-12-11T03:15:24.871093,0.005,0.995,1.0
2025-12-11T03:15:25.483550,0.005,0.995,1.0
2025-12-11T03:15:26.097452,0.005,0.995,1.0
2025-12-11T03:15:26.707942,0.005,0.995,1.0
2025-12-11T03:15:27.320954,0.005,0.995,1.0
2025-12-11T03:15:27.934691,0.005,0.995,1.0
2025-12-11T03:15:28.547658,0.005,0.995,1.0
2025-12-11T03:15:29.156633,0.005,0.995,1.0
2025-12-11T03:15:29.765020,0.005,0.995,1.0
2025-12-11T03:15:30.382735,0.005,0.995,1.0
2025-12-11T03:15:30.997975,0.005,0.995,1.0
2025-12-11T03:15:31.618144,0.005,0.995,1.0
2025-12-11T03:15:32.243597,0.005,0.995,1.0
2025-12-11T03:15:31.252069,0.005,0.995,1.0
2025-12-11T03:15:31.861828,0.005,0.995,1.0
2025-12-11T03:15:32.471186,0.005,0.995,1.0
2025-12-11T03:15:33.085868,0.005,0.995,1.0
2025-12-11T03:15:33.710684,0.005,0.995,1.0
2025-12-11T03:15:34.328291,0.005,0.995,1.0
2025-12-11T03:15:34.939742,0.005,0.995,1.0
2025-12-11T03:15:35.549534,0.005,0.995,1.0
2025-12-11T03:15:36.162666,0.005,0.995,1.0
2025-12-11T03:15:36.778281,0.005,0.995,1.0
2025-12-11T03:15:37.395869,0.005,0.995,1.0
2025-12-11T03:15:38.005756,0.005,0.995,1.0
2025-12-11T03:15:38.616184,0.005,0.995,1.0
2025-12-11T03:15:39.231562,0.005,0.995,1.0
2025-12-11T03:15:39.824582,0.005,0.995,1.0
2025-12-11T03:15:40.437733,0.005,0.995,1.0
2025-12-11T03:15:41.054096,0.005,0.995,1.0
2025-12-11T03:15:41.663205,0.005,0.995,1.0
2025-12-11T03:15:42.270369,0.005,0.995,1.0
2025-12-11T03:15:42.883650,0.005,0.995,1.0
2025-12-11T03:15:43.500836,0.005,0.995,1.0
2025-12-11T03:15:44.106504,0.005,0.995,1.0
2025-12-11T03:15:44.715569,0.005,0.995,1.0
2025-12-11T03:15:45.327772,0.005,0.995,1.0
2025-12-11T03:15:45.937224,0.005,0.995,1.0
2025-12-11T03:15:46.552188,0.005,0.995,1.0
2025-12-11T03:15:47.172636,0.005,0.995,1.0
2025-12-11T03:15:47.777116,0.005,0.995,1.0
2025-12-11T03:15:48.381925,0.005,0.995,1.0
2025-12-11T03:15:48.997172,0.005,0.995,1.0
2025-12-11T03:15:49.610419,0.005,0.995,1.0
2025-12-11T03:15:50.201921,0.005,0.995,1.0
2025-12-11T03:15:50.812076,0.005,0.995,1.0
2025-12-11T03:15:51.423923,0.005,0.995,1.0
2025-12-11T03:15:52.037735,0.005,0.995,1.0
2025-12-11T03:15:52.684671,0.005,0.995,1.0
2025-12-11T03:15:53.294206,0.005,0.995,1.0
2025-12-11T03:15:53.914402,0.005,0.995,1.0
2025-12-11T03:15:54.524745,0.005,0.995,1.0
2025-12-11T03:15:55.141977,0.005,0.995,1.0
2025-12-11T03:15:55.750053,0.005,0.995,1.0
2025-12-11T03:15:56.357184,0.005,0.995,1.0
2025-12-11T03:15:56.973926,0.005,0.995,1.0
2025-12-11T03:15:57.588377,0.005,0.995,1.0
2025-12-11T03:15:58.196610,0.005,0.995,1.0
2025-12-11T03:15:58.804604,0.005,0.995,1.0
2025-12-11T03:15:59.418483,0.005,0.995,1.0
2025-12-11T03:16:00.034779,0.005,0.995,1.0
