timestamp,price_yes,price_no,sum_prices
2025-12-10T22:46:00.865565,0.425,0.575,1.0
2025-12-10T22:46:01.523387,0.435,0.565,1.0
2025-12-10T22:46:02.156038,0.415,0.585,1.0
2025-12-10T22:46:02.798897,0.405,0.595,1.0
2025-12-10T22:46:03.459399,0.405,0.595,1.0
2025-12-10T22:46:04.067192,0.405,0.595,1.0
2025-12-10T22:46:04.700808,0.41,0.595,1.005
2025-12-10T22:46:05.347469,0.405,0.595,1.0
2025-12-10T22:46:05.957924,0.405,0.595,1.0
2025-12-10T22:46:06.596601,0.395,0.6,0.995
2025-12-10T22:46:07.241712,0.405,0.595,1.0
2025-12-10T22:46:07.871862,0.385,0.615,1.0
2025-12-10T22:46:08.499317,0.395,0.605,1.0
2025-12-10T22:46:09.133646,0.38,0.615,0.995
2025-12-10T22:46:09.810993,0.405,0.595,1.0
2025-12-10T22:46:10.496354,0.395,0.605,1.0
2025-12-10T22:46:11.127199,0.405,0.595,1.0
2025-12-10T22:46:11.980262,0.405,0.595,1.0
2025-12-10T22:46:12.618134,0.395,0.605,1.0
2025-12-10T22:46:13.265275,0.405,0.595,1.0
2025-12-10T22:46:13.940234,0.405,0.595,1.0
2025-12-10T22:46:14.605383,0.39,0.61,1.0
2025-12-10T22:46:15.310525,0.405,0.595,1.0
2025-12-10T22:46:15.933444,0.425,0.575,1.0
2025-12-10T22:46:16.581093,0.425,0.575,1.0
2025-12-10T22:46:17.204788,0.415,0.585,1.0
2025-12-10T22:46:17.833581,0.435,0.565,1.0
2025-12-10T22:46:18.452599,0.435,0.565,1.0
2025-12-10T22:46:17.423415,0.435,0.565,1.0
2025-12-10T22:46:18.036822,0.435,0.565,1.0
2025-12-10T22:46:18.693566,0.435,0.565,1.0
2025-12-10T22:46:19.308375,0.445,0.555,1.0
2025-12-10T22:46:19.942341,0.445,0.555,1.0
2025-12-10T22:46:20.571177,0.445,0.555,1.0
2025-12-10T22:46:21.188440,0.445,0.555,1.0
2025-12-10T22:46:21.840519,0.445,0.555,1.0
2025-12-10T22:46:22.546593,0.445,0.555,1.0
2025-12-10T22:46:23.191374,0.445,0.555,1.0
2025-12-10T22:46:23.803579,0.46,0.535,0.9950000000000001
2025-12-10T22:46:24.427571,0.475,0.525,1.0
2025-12-10T22:46:25.099639,0.485,0.515,1.0
2025-12-10T22:46:25.736777,0.495,0.505,1.0
2025-12-10T22:46:26.368538,0.495,0.505,1.0
2025-12-10T22:46:27.020415,0.495,0.5,0.995
2025-12-10T22:46:27.649892,0.495,0.515,1.01
2025-12-10T22:46:28.293141,0.485,0.515,1.0
2025-12-10T22:46:28.925427,0.485,0.515,1.0
2025-12-10T22:46:29.573425,0.465,0.535,1.0
2025-12-10T22:46:30.204157,0.46,0.54,1.0
2025-12-10T22:46:30.859186,0.455,0.545,1.0
2025-12-10T22:46:31.482522,0.465,0.535,1.0
2025-12-10T22:46:32.128417,0.445,0.555,1.0
2025-12-10T22:46:32.770714,0.445,0.555,1.0
2025-12-10T22:46:33.441289,0.45,0.55,1.0
2025-12-10T22:46:34.089552,0.455,0.545,1.0
2025-12-10T22:46:34.758388,0.455,0.545,1.0
2025-12-10T22:46:35.443130,0.465,0.535,1.0
2025-12-10T22:46:36.072644,0.475,0.525,1.0
2025-12-10T22:46:36.703883,0.465,0.535,1.0
2025-12-10T22:46:37.341971,0.465,0.535,1.0
2025-12-10T22:46:37.989276,0.465,0.535,1.0
2025-12-10T22:46:38.612849,0.455,0.545,1.0
2025-12-10T22:46:39.262240,0.445,0.555,1.0
2025-12-10T22:46:39.899571,0.45,0.55,1.0
2025-12-10T22:46:40.522832,0.46,0.54,1.0
2025-12-10T22:46:41.130598,0.46,0.54,1.0
2025-12-10T22:46:41.807263,0.455,0.545,1.0
2025-12-10T22:46:42.427725,0.465,0.535,1.0
2025-12-10T22:46:43.080217,0.47,0.53,1.0
2025-12-10T22:46:43.723581,0.47,0.53,1.0
2025-12-10T22:46:44.408868,0.465,0.535,1.0
2025-12-10T22:46:45.031490,0.465,0.535,1.0
2025-12-10T22:46:45.663263,0.43,0.57,1.0
2025-12-10T22:46:46.295610,0.42,0.58,1.0
2025-12-10T22:46:46.923990,0.415,0.585,1.0
2025-12-10T22:46:47.555928,0.415,0.585,1.0
2025-12-10T22:46:48.161505,0.435,0.565,1.0
2025-12-10T22:46:48.803655,0.44,0.555,0.9950000000000001
2025-12-10T22:46:47.798617,0.445,0.555,1.0
2025-12-10T22:46:48.408311,0.445,0.555,1.0
2025-12-10T22:46:49.052564,0.445,0.555,1.0
2025-12-10T22:46:49.678759,0.445,0.555,1.0
2025-12-10T22:46:50.296041,0.44,0.56,1.0
2025-12-10T22:46:50.924916,0.435,0.565,1.0
2025-12-10T22:46:51.546269,0.435,0.565,1.0
2025-12-10T22:46:52.169746,0.445,0.555,1.0
2025-12-10T22:46:52.778674,0.435,0.565,1.0
2025-12-10T22:46:53.409983,0.44,0.56,1.0
2025-12-10T22:46:54.079616,0.44,0.565,1.005
2025-12-10T22:46:54.705199,0.435,0.565,1.0
2025-12-10T22:46:55.371197,0.44,0.56,1.0
2025-12-10T22:46:55.996319,0.425,0.575,1.0
2025-12-10T22:46:56.616198,0.43,0.57,1.0
2025-12-10T22:46:57.240684,0.445,0.555,1.0
2025-12-10T22:46:57.874758,0.445,0.555,1.0
2025-12-10T22:46:58.500933,0.445,0.555,1.0
2025-12-10T22:46:59.118795,0.47,0.535,1.005
2025-12-10T22:46:59.760311,0.465,0.535,1.0
2025-12-10T22:47:00.374121,0.465,0.535,1.0
2025-12-10T22:47:01.013222,0.465,0.535,1.0
2025-12-10T22:47:01.647787,0.465,0.535,1.0
2025-12-10T22:47:02.280836,0.475,0.525,1.0
2025-12-10T22:47:02.902288,0.475,0.525,1.0
2025-12-10T22:47:03.528011,0.465,0.535,1.0
2025-12-10T22:47:04.150992,0.47,0.525,0.995
2025-12-10T22:47:04.794934,0.47,0.53,1.0
2025-12-10T22:47:05.419385,0.475,0.525,1.0
2025-12-10T22:47:06.046218,0.475,0.525,1.0
2025-12-10T22:47:06.685700,0.475,0.525,1.0
2025-12-10T22:47:07.328104,0.47,0.535,1.005
2025-12-10T22:47:07.961757,0.475,0.525,1.0
2025-12-10T22:47:08.637335,0.475,0.53,1.005
2025-12-10T22:47:09.289707,0.465,0.535,1.0
2025-12-10T22:47:09.990701,0.475,0.525,1.0
2025-12-10T22:47:10.604324,0.475,0.525,1.0
2025-12-10T22:47:11.219949,0.475,0.525,1.0
2025-12-10T22:47:11.865262,0.475,0.525,1.0
2025-12-10T22:47:12.496982,0.495,0.505,1.0
2025-12-10T22:47:13.141410,0.495,0.505,1.0
2025-12-10T22:47:13.772090,0.48,0.52,1.0
2025-12-10T22:47:14.417202,0.475,0.525,1.0
2025-12-10T22:47:15.060045,0.48,0.52,1.0
2025-12-10T22:47:15.724726,0.485,0.515,1.0
2025-12-10T22:47:16.361456,0.485,0.515,1.0
2025-12-10T22:47:17.013237,0.495,0.505,1.0
2025-12-10T22:47:17.695814,0.495,0.505,1.0
2025-12-10T22:47:18.341110,0.5,0.5,1.0
2025-12-10T22:47:19.018856,0.485,0.515,1.0
2025-12-10T22:47:19.711830,0.47,0.535,1.005
2025-12-10T22:47:18.687024,0.465,0.535,1.0
2025-12-10T22:47:19.330871,0.475,0.525,1.0
2025-12-10T22:47:20.004370,0.47,0.53,1.0
2025-12-10T22:47:20.650499,0.47,0.53,1.0
2025-12-10T22:47:21.280991,0.48,0.52,1.0
2025-12-10T22:47:22.201379,0.475,0.515,0.99
2025-12-10T22:47:22.859250,0.475,0.525,1.0
2025-12-10T22:47:23.536786,0.48,0.52,1.0
2025-12-10T22:47:24.200561,0.485,0.515,1.0
2025-12-10T22:47:24.925816,0.485,0.515,1.0
2025-12-10T22:47:25.570400,0.485,0.515,1.0
2025-12-10T22:47:26.188842,0.485,0.515,1.0
2025-12-10T22:47:26.854076,0.485,0.52,1.005
2025-12-10T22:47:27.491349,0.47,0.53,1.0
2025-12-10T22:47:28.146170,0.47,0.53,1.0
2025-12-10T22:47:28.890678,0.47,0.53,1.0
2025-12-10T22:47:29.541708,0.465,0.535,1.0
2025-12-10T22:47:30.184035,0.47,0.53,1.0
2025-12-10T22:47:30.857441,0.465,0.545,1.01
2025-12-10T22:47:31.607126,0.455,0.545,1.0
2025-12-10T22:47:32.252599,0.455,0.545,1.0
2025-12-10T22:47:32.906211,0.455,0.545,1.0
2025-12-10T22:47:33.542911,0.455,0.545,1.0
2025-12-10T22:47:34.194710,0.455,0.545,1.0
2025-12-10T22:47:34.832929,0.455,0.545,1.0
2025-12-10T22:47:35.445643,0.455,0.545,1.0
2025-12-10T22:47:36.087285,0.455,0.545,1.0
2025-12-10T22:47:36.755072,0.455,0.55,1.0050000000000001
2025-12-10T22:47:37.400461,0.445,0.555,1.0
2025-12-10T22:47:38.027116,0.445,0.555,1.0
2025-12-10T22:47:38.688492,0.455,0.545,1.0
2025-12-10T22:47:39.318977,0.465,0.525,0.99
2025-12-10T22:47:39.942149,0.48,0.52,1.0
2025-12-10T22:47:40.608604,0.485,0.515,1.0
2025-12-10T22:47:41.233405,0.475,0.525,1.0
2025-12-10T22:47:41.851533,0.475,0.525,1.0
2025-12-10T22:47:42.497142,0.475,0.525,1.0
2025-12-10T22:47:43.200041,0.475,0.525,1.0
2025-12-10T22:47:43.830427,0.475,0.525,1.0
2025-12-10T22:47:44.511405,0.485,0.515,1.0
2025-12-10T22:47:45.155976,0.485,0.515,1.0
2025-12-10T22:47:45.797161,0.485,0.515,1.0
2025-12-10T22:47:46.471982,0.485,0.515,1.0
2025-12-10T22:47:47.114283,0.485,0.515,1.0
2025-12-10T22:47:47.761673,0.505,0.495,1.0
2025-12-10T22:47:48.403608,0.515,0.485,1.0
2025-12-10T22:47:49.042179,0.515,0.485,1.0
2025-12-10T22:47:49.670497,0.53,0.47,1.0
2025-12-10T22:47:50.304286,0.535,0.465,1.0
2025-12-10T22:47:49.302129,0.535,0.47,1.005
2025-12-10T22:47:49.939496,0.53,0.47,1.0
2025-12-10T22:47:50.587476,0.53,0.47,1.0
2025-12-10T22:47:51.220602,0.53,0.47,1.0
2025-12-10T22:47:51.856260,0.53,0.47,1.0
2025-12-10T22:47:52.519039,0.53,0.47,1.0
2025-12-10T22:47:53.173810,0.53,0.47,1.0
2025-12-10T22:47:53.820646,0.535,0.46,0.9950000000000001
2025-12-10T22:47:54.465855,0.545,0.455,1.0
2025-12-10T22:47:55.101874,0.54,0.46,1.0
2025-12-10T22:47:55.759235,0.54,0.46,1.0
2025-12-10T22:47:56.421128,0.53,0.47,1.0
2025-12-10T22:47:57.060037,0.525,0.475,1.0
2025-12-10T22:47:57.704573,0.525,0.475,1.0
2025-12-10T22:47:58.326269,0.525,0.475,1.0
2025-12-10T22:47:58.992422,0.525,0.475,1.0
2025-12-10T22:47:59.608996,0.525,0.475,1.0
2025-12-10T22:48:00.243261,0.525,0.475,1.0
2025-12-10T22:48:00.867892,0.525,0.475,1.0
2025-12-10T22:48:01.504036,0.525,0.475,1.0
2025-12-10T22:48:02.137304,0.525,0.475,1.0
2025-12-10T22:48:02.818948,0.53,0.47,1.0
2025-12-10T22:48:03.446548,0.53,0.47,1.0
2025-12-10T22:48:04.106613,0.53,0.47,1.0
2025-12-10T22:48:04.738262,0.535,0.465,1.0
2025-12-10T22:48:05.424408,0.535,0.465,1.0
2025-12-10T22:48:06.094181,0.53,0.47,1.0
2025-12-10T22:48:06.870599,0.525,0.475,1.0
2025-12-10T22:48:07.532091,0.525,0.47,0.995
2025-12-10T22:48:08.223705,0.535,0.465,1.0
2025-12-10T22:48:08.878879,0.535,0.465,1.0
2025-12-10T22:48:09.538355,0.53,0.47,1.0
2025-12-10T22:48:10.312084,0.535,0.465,1.0
2025-12-10T22:48:10.975978,0.545,0.455,1.0
2025-12-10T22:48:11.649488,0.545,0.455,1.0
2025-12-10T22:48:12.389827,0.585,0.415,1.0
2025-12-10T22:48:13.146847,0.585,0.415,1.0
2025-12-10T22:48:13.812734,0.595,0.405,1.0
2025-12-10T22:48:14.489315,0.595,0.405,1.0
2025-12-10T22:48:15.127147,0.595,0.405,1.0
2025-12-10T22:48:15.774290,0.6,0.4,1.0
2025-12-10T22:48:16.426377,0.6,0.395,0.995
2025-12-10T22:48:17.071891,0.6,0.4,1.0
2025-12-10T22:48:17.699681,0.605,0.395,1.0
2025-12-10T22:48:18.318032,0.615,0.385,1.0
2025-12-10T22:48:18.961848,0.625,0.375,1.0
2025-12-10T22:48:19.598674,0.625,0.375,1.0
2025-12-10T22:48:20.246008,0.635,0.365,1.0
2025-12-10T22:48:20.904858,0.635,0.365,1.0
2025-12-10T22:48:19.903739,0.635,0.355,0.99
2025-12-10T22:48:20.550416,0.64,0.36,1.0
2025-12-10T22:48:21.190680,0.655,0.35,1.005
2025-12-10T22:48:21.833374,0.64,0.365,1.005
2025-12-10T22:48:22.569288,0.635,0.365,1.0
2025-12-10T22:48:23.225845,0.635,0.365,1.0
2025-12-10T22:48:23.863674,0.635,0.365,1.0
2025-12-10T22:48:24.530858,0.635,0.365,1.0
2025-12-10T22:48:25.168202,0.635,0.365,1.0
2025-12-10T22:48:25.807106,0.635,0.365,1.0
2025-12-10T22:48:26.488788,0.645,0.355,1.0
2025-12-10T22:48:27.142899,0.645,0.355,1.0
2025-12-10T22:48:27.762730,0.65,0.35,1.0
2025-12-10T22:48:28.413702,0.65,0.35,1.0
2025-12-10T22:48:29.061867,0.655,0.345,1.0
2025-12-10T22:48:29.701930,0.65,0.345,0.995
2025-12-10T22:48:30.320803,0.65,0.35,1.0
2025-12-10T22:48:30.940048,0.65,0.35,1.0
2025-12-10T22:48:31.569321,0.655,0.345,1.0
2025-12-10T22:48:32.197692,0.665,0.335,1.0
2025-12-10T22:48:32.817875,0.69,0.31,1.0
2025-12-10T22:48:33.444467,0.705,0.295,1.0
2025-12-10T22:48:34.074637,0.7,0.3,1.0
2025-12-10T22:48:34.724782,0.7,0.3,1.0
2025-12-10T22:48:35.359503,0.7,0.3,1.0
2025-12-10T22:48:35.996142,0.715,0.285,1.0
2025-12-10T22:48:36.613657,0.71,0.29,1.0
2025-12-10T22:48:37.253943,0.705,0.295,1.0
2025-12-10T22:48:37.885625,0.705,0.295,1.0
2025-12-10T22:48:38.507385,0.705,0.295,1.0
2025-12-10T22:48:39.154179,0.705,0.295,1.0
2025-12-10T22:48:39.779281,0.705,0.285,0.99
2025-12-10T22:48:40.544144,0.725,0.275,1.0
2025-12-10T22:48:41.265144,0.705,0.295,1.0
2025-12-10T22:48:41.919801,0.705,0.295,1.0
2025-12-10T22:48:42.593114,0.71,0.29,1.0
2025-12-10T22:48:43.237462,0.725,0.275,1.0
2025-12-10T22:48:43.896323,0.71,0.29,1.0
2025-12-10T22:48:44.529699,0.71,0.29,1.0
2025-12-10T22:48:45.165815,0.71,0.29,1.0
2025-12-10T22:48:45.810392,0.71,0.29,1.0
2025-12-10T22:48:46.528217,0.71,0.29,1.0
2025-12-10T22:48:47.154897,0.71,0.29,1.0
2025-12-10T22:48:47.802470,0.7,0.305,1.005
2025-12-10T22:48:48.480227,0.695,0.3,0.9949999999999999
2025-12-10T22:48:49.108923,0.695,0.305,1.0
2025-12-10T22:48:49.734385,0.695,0.3,0.9949999999999999
2025-12-10T22:48:50.387772,0.715,0.29,1.005
2025-12-10T22:48:51.041739,0.715,0.275,0.99
2025-12-10T22:48:51.671148,0.725,0.275,1.0
2025-12-10T22:48:50.649182,0.725,0.275,1.0
2025-12-10T22:48:51.284841,0.725,0.28,1.005
2025-12-10T22:48:51.941642,0.72,0.28,1.0
2025-12-10T22:48:52.586530,0.725,0.275,1.0
2025-12-10T22:48:53.253489,0.725,0.275,1.0
2025-12-10T22:48:53.913954,0.725,0.275,1.0
2025-12-10T22:48:54.561947,0.725,0.275,1.0
2025-12-10T22:48:55.185855,0.725,0.275,1.0
2025-12-10T22:48:55.801998,0.725,0.275,1.0
2025-12-10T22:48:56.465482,0.725,0.275,1.0
2025-12-10T22:48:57.112178,0.725,0.275,1.0
2025-12-10T22:48:57.741502,0.735,0.265,1.0
2025-12-10T22:48:58.366742,0.735,0.265,1.0
2025-12-10T22:48:59.007357,0.745,0.255,1.0
2025-12-10T22:48:59.630487,0.745,0.255,1.0
2025-12-10T22:49:00.280911,0.745,0.255,1.0
2025-12-10T22:49:00.984203,0.745,0.265,1.01
2025-12-10T22:49:01.749941,0.74,0.265,1.005
2025-12-10T22:49:02.460830,0.735,0.265,1.0
2025-12-10T22:49:03.107322,0.735,0.265,1.0
2025-12-10T22:49:03.801341,0.725,0.275,1.0
2025-12-10T22:49:04.433373,0.725,0.275,1.0
2025-12-10T22:49:05.052581,0.725,0.275,1.0
2025-12-10T22:49:05.671770,0.735,0.265,1.0
2025-12-10T22:49:06.292695,0.745,0.26,1.005
2025-12-10T22:49:06.917558,0.725,0.275,1.0
2025-12-10T22:49:07.552456,0.715,0.285,1.0
2025-12-10T22:49:08.191026,0.705,0.295,1.0
2025-12-10T22:49:08.819214,0.705,0.295,1.0
2025-12-10T22:49:09.452936,0.69,0.31,1.0
2025-12-10T22:49:10.096360,0.685,0.315,1.0
2025-12-10T22:49:10.729449,0.675,0.325,1.0
2025-12-10T22:49:11.370071,0.67,0.33,1.0
2025-12-10T22:49:12.000381,0.67,0.33,1.0
2025-12-10T22:49:12.637217,0.67,0.33,1.0
2025-12-10T22:49:13.271560,0.665,0.335,1.0
2025-12-10T22:49:13.903905,0.665,0.335,1.0
2025-12-10T22:49:14.585051,0.675,0.325,1.0
2025-12-10T22:49:15.201789,0.695,0.305,1.0
2025-12-10T22:49:15.847259,0.705,0.295,1.0
2025-12-10T22:49:16.464783,0.705,0.295,1.0
2025-12-10T22:49:17.091775,0.72,0.28,1.0
2025-12-10T22:49:17.716513,0.715,0.285,1.0
2025-12-10T22:49:18.341803,0.695,0.315,1.01
2025-12-10T22:49:18.987783,0.67,0.33,1.0
2025-12-10T22:49:19.639950,0.665,0.335,1.0
2025-12-10T22:49:20.283097,0.655,0.345,1.0
2025-12-10T22:49:20.963313,0.635,0.365,1.0
2025-12-10T22:49:21.636325,0.64,0.36,1.0
2025-12-10T22:49:22.255213,0.625,0.375,1.0
2025-12-10T22:49:21.206371,0.61,0.395,1.005
2025-12-10T22:49:21.834958,0.605,0.395,1.0
2025-12-10T22:49:22.464830,0.605,0.395,1.0
2025-12-10T22:49:23.085521,0.625,0.375,1.0
2025-12-10T22:49:23.704310,0.645,0.355,1.0
2025-12-10T22:49:24.324864,0.645,0.365,1.01
2025-12-10T22:49:24.952716,0.63,0.37,1.0
2025-12-10T22:49:25.568597,0.62,0.385,1.005
2025-12-10T22:49:26.203899,0.605,0.395,1.0
2025-12-10T22:49:26.853682,0.605,0.395,1.0
2025-12-10T22:49:27.469427,0.61,0.39,1.0
2025-12-10T22:49:28.084157,0.61,0.39,1.0
2025-12-10T22:49:28.697698,0.61,0.39,1.0
2025-12-10T22:49:29.308690,0.605,0.395,1.0
2025-12-10T22:49:29.969004,0.605,0.39,0.995
2025-12-10T22:49:30.614732,0.615,0.385,1.0
2025-12-10T22:49:31.254120,0.625,0.375,1.0
2025-12-10T22:49:31.887080,0.63,0.365,0.995
2025-12-10T22:49:32.509149,0.625,0.375,1.0
2025-12-10T22:49:33.124237,0.615,0.385,1.0
2025-12-10T22:49:33.742693,0.62,0.38,1.0
2025-12-10T22:49:34.379966,0.615,0.385,1.0
2025-12-10T22:49:35.016170,0.615,0.385,1.0
2025-12-10T22:49:35.645239,0.615,0.385,1.0
2025-12-10T22:49:36.288994,0.62,0.38,1.0
2025-12-10T22:49:36.920470,0.605,0.395,1.0
2025-12-10T22:49:37.541458,0.595,0.405,1.0
2025-12-10T22:49:38.168808,0.595,0.405,1.0
2025-12-10T22:49:38.800513,0.6,0.405,1.005
2025-12-10T22:49:39.415088,0.595,0.405,1.0
2025-12-10T22:49:40.040589,0.6,0.4,1.0
2025-12-10T22:49:40.671463,0.605,0.395,1.0
2025-12-10T22:49:41.293586,0.625,0.375,1.0
2025-12-10T22:49:41.959557,0.635,0.355,0.99
2025-12-10T22:49:42.607560,0.645,0.355,1.0
2025-12-10T22:49:43.239351,0.645,0.355,1.0
2025-12-10T22:49:43.892366,0.635,0.365,1.0
2025-12-10T22:49:44.537087,0.625,0.375,1.0
2025-12-10T22:49:45.157251,0.63,0.37,1.0
2025-12-10T22:49:45.800784,0.63,0.37,1.0
2025-12-10T22:49:46.565513,0.63,0.37,1.0
2025-12-10T22:49:47.184421,0.63,0.37,1.0
2025-12-10T22:49:47.810605,0.635,0.365,1.0
2025-12-10T22:49:48.426249,0.635,0.365,1.0
2025-12-10T22:49:49.049038,0.635,0.365,1.0
2025-12-10T22:49:49.674106,0.625,0.375,1.0
2025-12-10T22:49:50.312599,0.625,0.375,1.0
2025-12-10T22:49:50.993745,0.635,0.365,1.0
2025-12-10T22:49:51.632447,0.645,0.355,1.0
2025-12-10T22:49:52.254508,0.645,0.355,1.0
2025-12-10T22:49:51.251386,0.645,0.355,1.0
2025-12-10T22:49:51.866700,0.645,0.345,0.99
2025-12-10T22:49:52.515299,0.655,0.33,0.9850000000000001
2025-12-10T22:49:53.133620,0.675,0.325,1.0
2025-12-10T22:49:53.774434,0.67,0.33,1.0
2025-12-10T22:49:54.413400,0.68,0.32,1.0
2025-12-10T22:49:55.031789,0.695,0.305,1.0
2025-12-10T22:49:55.665274,0.685,0.315,1.0
2025-12-10T22:49:56.313659,0.685,0.315,1.0
2025-12-10T22:49:56.947117,0.685,0.315,1.0
2025-12-10T22:49:57.607221,0.695,0.305,1.0
2025-12-10T22:49:58.275022,0.69,0.31,1.0
2025-12-10T22:49:58.926684,0.69,0.31,1.0
2025-12-10T22:49:59.551303,0.69,0.31,1.0
2025-12-10T22:50:00.163505,0.69,0.31,1.0
2025-12-10T22:50:00.799221,0.69,0.31,1.0
2025-12-10T22:50:01.421005,0.69,0.31,1.0
2025-12-10T22:50:02.059434,0.695,0.305,1.0
2025-12-10T22:50:02.693092,0.695,0.305,1.0
2025-12-10T22:50:03.324058,0.705,0.295,1.0
2025-12-10T22:50:03.967793,0.705,0.295,1.0
2025-12-10T22:50:04.613822,0.705,0.295,1.0
2025-12-10T22:50:05.244392,0.705,0.295,1.0
2025-12-10T22:50:05.891233,0.705,0.295,1.0
2025-12-10T22:50:06.517712,0.705,0.295,1.0
2025-12-10T22:50:07.148306,0.695,0.305,1.0
2025-12-10T22:50:07.786518,0.695,0.305,1.0
2025-12-10T22:50:08.411559,0.695,0.305,1.0
2025-12-10T22:50:09.023892,0.69,0.31,1.0
2025-12-10T22:50:09.663375,0.69,0.31,1.0
2025-12-10T22:50:10.287126,0.675,0.325,1.0
2025-12-10T22:50:10.917160,0.675,0.325,1.0
2025-12-10T22:50:11.539822,0.675,0.325,1.0
2025-12-10T22:50:12.164046,0.68,0.32,1.0
2025-12-10T22:50:12.810187,0.685,0.315,1.0
2025-12-10T22:50:13.429100,0.695,0.305,1.0
2025-12-10T22:50:14.034266,0.695,0.305,1.0
2025-12-10T22:50:14.703140,0.695,0.305,1.0
2025-12-10T22:50:15.327090,0.695,0.305,1.0
2025-12-10T22:50:15.950663,0.7,0.3,1.0
2025-12-10T22:50:16.583573,0.705,0.295,1.0
2025-12-10T22:50:17.217039,0.71,0.29,1.0
2025-12-10T22:50:17.869282,0.715,0.285,1.0
2025-12-10T22:50:18.491390,0.735,0.26,0.995
2025-12-10T22:50:19.124290,0.745,0.255,1.0
2025-12-10T22:50:19.770190,0.755,0.245,1.0
2025-12-10T22:50:20.405713,0.755,0.245,1.0
2025-12-10T22:50:21.045266,0.765,0.235,1.0
2025-12-10T22:50:21.743663,0.765,0.235,1.0
2025-12-10T22:50:22.431421,0.765,0.235,1.0
2025-12-10T22:50:23.101268,0.765,0.235,1.0
2025-12-10T22:50:22.090270,0.765,0.235,1.0
2025-12-10T22:50:22.763268,0.775,0.225,1.0
2025-12-10T22:50:23.402353,0.76,0.24,1.0
2025-12-10T22:50:24.030048,0.76,0.24,1.0
2025-12-10T22:50:24.652797,0.76,0.24,1.0
2025-12-10T22:50:25.277170,0.765,0.235,1.0
2025-12-10T22:50:25.928582,0.765,0.235,1.0
2025-12-10T22:50:26.550018,0.755,0.245,1.0
2025-12-10T22:50:27.162913,0.755,0.245,1.0
2025-12-10T22:50:27.804018,0.755,0.245,1.0
2025-12-10T22:50:28.495356,0.755,0.245,1.0
2025-12-10T22:50:29.118426,0.735,0.265,1.0
2025-12-10T22:50:29.754012,0.735,0.265,1.0
2025-12-10T22:50:30.398306,0.725,0.275,1.0
2025-12-10T22:50:31.046003,0.725,0.275,1.0
2025-12-10T22:50:31.669385,0.715,0.285,1.0
2025-12-10T22:50:32.298094,0.715,0.285,1.0
2025-12-10T22:50:32.940459,0.715,0.285,1.0
2025-12-10T22:50:33.559705,0.7,0.3,1.0
2025-12-10T22:50:34.194352,0.7,0.3,1.0
2025-12-10T22:50:34.820648,0.705,0.295,1.0
2025-12-10T22:50:35.444420,0.71,0.29,1.0
2025-12-10T22:50:36.069574,0.71,0.29,1.0
2025-12-10T22:50:36.692119,0.715,0.285,1.0
2025-12-10T22:50:37.334650,0.71,0.29,1.0
2025-12-10T22:50:37.971857,0.705,0.295,1.0
2025-12-10T22:50:38.590820,0.71,0.29,1.0
2025-12-10T22:50:39.242028,0.71,0.29,1.0
2025-12-10T22:50:39.897838,0.715,0.285,1.0
2025-12-10T22:50:40.521974,0.715,0.285,1.0
2025-12-10T22:50:41.185124,0.715,0.285,1.0
2025-12-10T22:50:41.856379,0.715,0.285,1.0
2025-12-10T22:50:42.495165,0.72,0.285,1.005
2025-12-10T22:50:43.109952,0.705,0.295,1.0
2025-12-10T22:50:43.718629,0.715,0.285,1.0
2025-12-10T22:50:44.354627,0.705,0.3,1.005
2025-12-10T22:50:44.985353,0.715,0.285,1.0
2025-12-10T22:50:45.615202,0.715,0.285,1.0
2025-12-10T22:50:46.245268,0.71,0.285,0.9949999999999999
2025-12-10T22:50:46.885346,0.715,0.285,1.0
2025-12-10T22:50:47.514946,0.715,0.285,1.0
2025-12-10T22:50:48.124348,0.715,0.285,1.0
2025-12-10T22:50:48.770875,0.715,0.285,1.0
2025-12-10T22:50:49.427452,0.71,0.29,1.0
2025-12-10T22:50:50.074083,0.71,0.29,1.0
2025-12-10T22:50:50.719654,0.7,0.31,1.01
2025-12-10T22:50:51.376975,0.675,0.325,1.0
2025-12-10T22:50:52.011851,0.66,0.34,1.0
2025-12-10T22:50:52.646602,0.66,0.345,1.005
2025-12-10T22:50:53.289059,0.66,0.34,1.0
2025-12-10T22:50:53.911987,0.665,0.335,1.0
2025-12-10T22:50:52.864986,0.665,0.335,1.0
2025-12-10T22:50:53.509853,0.675,0.325,1.0
2025-12-10T22:50:54.214794,0.675,0.315,0.99
2025-12-10T22:50:54.838038,0.675,0.325,1.0
2025-12-10T22:50:55.462080,0.675,0.32,0.9950000000000001
2025-12-10T22:50:56.094502,0.68,0.32,1.0
2025-12-10T22:50:56.704076,0.685,0.315,1.0
2025-12-10T22:50:57.335942,0.685,0.315,1.0
2025-12-10T22:50:57.954153,0.67,0.33,1.0
2025-12-10T22:50:58.596766,0.675,0.325,1.0
2025-12-10T22:50:59.232113,0.67,0.33,1.0
2025-12-10T22:50:59.890758,0.67,0.33,1.0
2025-12-10T22:51:00.524752,0.67,0.33,1.0
2025-12-10T22:51:01.173687,0.685,0.315,1.0
2025-12-10T22:51:01.782042,0.675,0.325,1.0
2025-12-10T22:51:02.400816,0.67,0.33,1.0
2025-12-10T22:51:03.014415,0.665,0.325,0.99
2025-12-10T22:51:03.649790,0.705,0.295,1.0
2025-12-10T22:51:04.279943,0.705,0.295,1.0
2025-12-10T22:51:04.956851,0.705,0.295,1.0
2025-12-10T22:51:05.581686,0.705,0.295,1.0
2025-12-10T22:51:06.201024,0.7,0.3,1.0
2025-12-10T22:51:06.866757,0.7,0.295,0.9949999999999999
2025-12-10T22:51:07.513591,0.705,0.295,1.0
2025-12-10T22:51:08.136879,0.715,0.285,1.0
2025-12-10T22:51:08.757374,0.725,0.275,1.0
2025-12-10T22:51:09.375754,0.735,0.265,1.0
2025-12-10T22:51:09.988182,0.74,0.26,1.0
2025-12-10T22:51:10.644371,0.74,0.26,1.0
2025-12-10T22:51:11.287437,0.74,0.26,1.0
2025-12-10T22:51:11.919702,0.74,0.26,1.0
2025-12-10T22:51:12.556680,0.74,0.26,1.0
2025-12-10T22:51:13.199560,0.74,0.26,1.0
2025-12-10T22:51:13.838640,0.74,0.26,1.0
2025-12-10T22:51:14.473302,0.74,0.26,1.0
2025-12-10T22:51:15.103302,0.74,0.26,1.0
2025-12-10T22:51:15.749800,0.74,0.26,1.0
2025-12-10T22:51:16.386150,0.74,0.26,1.0
2025-12-10T22:51:17.026995,0.74,0.26,1.0
2025-12-10T22:51:17.685965,0.74,0.26,1.0
2025-12-10T22:51:18.325470,0.74,0.26,1.0
2025-12-10T22:51:18.941558,0.74,0.26,1.0
2025-12-10T22:51:19.576353,0.74,0.26,1.0
2025-12-10T22:51:20.203934,0.74,0.26,1.0
2025-12-10T22:51:20.829112,0.74,0.26,1.0
2025-12-10T22:51:21.453803,0.74,0.26,1.0
2025-12-10T22:51:22.084705,0.74,0.26,1.0
2025-12-10T22:51:22.699010,0.74,0.26,1.0
2025-12-10T22:51:23.374298,0.74,0.26,1.0
2025-12-10T22:51:24.026653,0.74,0.26,1.0
2025-12-10T22:51:23.006547,0.74,0.26,1.0
2025-12-10T22:51:23.646155,0.74,0.26,1.0
2025-12-10T22:51:24.267616,0.74,0.26,1.0
2025-12-10T22:51:24.885742,0.74,0.26,1.0
2025-12-10T22:51:25.512394,0.74,0.26,1.0
2025-12-10T22:51:26.134618,0.74,0.26,1.0
2025-12-10T22:51:26.780625,0.74,0.26,1.0
2025-12-10T22:51:27.460940,0.74,0.26,1.0
2025-12-10T22:51:28.126231,0.74,0.26,1.0
2025-12-10T22:51:28.760620,0.74,0.26,1.0
2025-12-10T22:51:29.383781,0.74,0.26,1.0
2025-12-10T22:51:30.002761,0.74,0.26,1.0
2025-12-10T22:51:30.697957,0.74,0.26,1.0
2025-12-10T22:51:31.312466,0.74,0.26,1.0
2025-12-10T22:51:31.965841,0.74,0.26,1.0
2025-12-10T22:51:32.596287,0.74,0.26,1.0
2025-12-10T22:51:33.233840,0.74,0.26,1.0
2025-12-10T22:51:33.875582,0.74,0.26,1.0
2025-12-10T22:51:34.494105,0.74,0.26,1.0
2025-12-10T22:51:35.119140,0.74,0.26,1.0
2025-12-10T22:51:35.746240,0.74,0.26,1.0
2025-12-10T22:51:36.371208,0.74,0.26,1.0
2025-12-10T22:51:37.000589,0.74,0.26,1.0
2025-12-10T22:51:37.608535,0.74,0.26,1.0
2025-12-10T22:51:38.256857,0.74,0.26,1.0
2025-12-10T22:51:38.884849,0.74,0.26,1.0
2025-12-10T22:51:39.507094,0.74,0.26,1.0
2025-12-10T22:51:40.128052,0.74,0.26,1.0
2025-12-10T22:51:40.746876,0.74,0.26,1.0
2025-12-10T22:51:41.386197,0.74,0.26,1.0
2025-12-10T22:51:42.013686,0.74,0.26,1.0
2025-12-10T22:51:42.678140,0.74,0.26,1.0
2025-12-10T22:51:43.325273,0.74,0.26,1.0
2025-12-10T22:51:43.959533,0.74,0.26,1.0
2025-12-10T22:51:44.586917,0.74,0.26,1.0
2025-12-10T22:51:45.210546,0.74,0.26,1.0
2025-12-10T22:51:45.827817,0.74,0.26,1.0
2025-12-10T22:51:46.502046,0.74,0.26,1.0
2025-12-10T22:51:47.131526,0.74,0.26,1.0
2025-12-10T22:51:47.767369,0.74,0.26,1.0
2025-12-10T22:51:48.394100,0.74,0.26,1.0
2025-12-10T22:51:49.023903,0.74,0.26,1.0
2025-12-10T22:51:49.662359,0.74,0.26,1.0
2025-12-10T22:51:50.328908,0.74,0.26,1.0
2025-12-10T22:51:50.957102,0.74,0.26,1.0
2025-12-10T22:51:51.578693,0.74,0.26,1.0
2025-12-10T22:51:52.221078,0.74,0.26,1.0
2025-12-10T22:51:52.901501,0.74,0.26,1.0
2025-12-10T22:51:53.530926,0.74,0.26,1.0
2025-12-10T22:51:54.163730,0.74,0.26,1.0
2025-12-10T22:51:54.776350,0.74,0.26,1.0
2025-12-10T22:51:53.739454,0.74,0.26,1.0
2025-12-10T22:51:54.380281,0.74,0.26,1.0
2025-12-10T22:51:54.997329,0.74,0.26,1.0
2025-12-10T22:51:55.641486,0.74,0.26,1.0
2025-12-10T22:51:56.291255,0.74,0.26,1.0
2025-12-10T22:51:56.906677,0.74,0.26,1.0
2025-12-10T22:51:57.554159,0.74,0.26,1.0
2025-12-10T22:51:58.204780,0.74,0.26,1.0
2025-12-10T22:51:58.855132,0.74,0.26,1.0
2025-12-10T22:51:59.469814,0.74,0.26,1.0
2025-12-10T22:52:00.090474,0.74,0.26,1.0
2025-12-10T22:52:00.739414,0.74,0.26,1.0
2025-12-10T22:52:01.361340,0.74,0.26,1.0
2025-12-10T22:52:01.974881,0.74,0.26,1.0
2025-12-10T22:52:02.592112,0.74,0.26,1.0
2025-12-10T22:52:03.208272,0.74,0.26,1.0
2025-12-10T22:52:03.918280,0.74,0.26,1.0
2025-12-10T22:52:04.551512,0.74,0.26,1.0
2025-12-10T22:52:05.176243,0.74,0.26,1.0
2025-12-10T22:52:05.808195,0.74,0.26,1.0
2025-12-10T22:52:06.428348,0.74,0.26,1.0
2025-12-10T22:52:07.052702,0.74,0.26,1.0
2025-12-10T22:52:07.690757,0.74,0.26,1.0
2025-12-10T22:52:08.320487,0.74,0.26,1.0
2025-12-10T22:52:08.931499,0.74,0.26,1.0
2025-12-10T22:52:09.550760,0.74,0.26,1.0
2025-12-10T22:52:10.160470,0.74,0.26,1.0
2025-12-10T22:52:10.782350,0.74,0.26,1.0
2025-12-10T22:52:11.407722,0.74,0.26,1.0
2025-12-10T22:52:12.020399,0.735,0.265,1.0
2025-12-10T22:52:12.667265,0.74,0.26,1.0
2025-12-10T22:52:13.298175,0.74,0.26,1.0
2025-12-10T22:52:13.945962,0.77,0.17,0.9400000000000001
2025-12-10T22:52:14.607323,0.855,0.145,1.0
2025-12-10T22:52:15.224285,0.855,0.145,1.0
2025-12-10T22:52:15.854014,0.86,0.14,1.0
2025-12-10T22:52:16.478870,0.86,0.14,1.0
2025-12-10T22:52:17.107573,0.875,0.125,1.0
2025-12-10T22:52:17.748815,0.88,0.12,1.0
2025-12-10T22:52:18.376423,0.895,0.105,1.0
2025-12-10T22:52:19.061849,0.895,0.105,1.0
2025-12-10T22:52:19.723156,0.895,0.105,1.0
2025-12-10T22:52:20.359934,0.905,0.095,1.0
2025-12-10T22:52:20.979807,0.905,0.09,0.995
2025-12-10T22:52:21.632575,0.915,0.085,1.0
2025-12-10T22:52:22.254322,0.925,0.075,1.0
2025-12-10T22:52:22.882860,0.925,0.075,1.0
2025-12-10T22:52:23.522141,0.925,0.075,1.0
2025-12-10T22:52:24.150544,0.925,0.075,1.0
2025-12-10T22:52:24.784379,0.935,0.07,1.0050000000000001
2025-12-10T22:52:25.430129,0.945,0.055,1.0
2025-12-10T22:52:24.386973,0.945,0.055,1.0
2025-12-10T22:52:25.007473,0.945,0.055,1.0
2025-12-10T22:52:25.630947,0.945,0.055,1.0
2025-12-10T22:52:26.264270,0.935,0.065,1.0
2025-12-10T22:52:26.897151,0.935,0.065,1.0
2025-12-10T22:52:27.524440,0.935,0.065,1.0
2025-12-10T22:52:28.233608,0.93,0.07,1.0
2025-12-10T22:52:28.867183,0.93,0.07,1.0
2025-12-10T22:52:29.491508,0.93,0.07,1.0
2025-12-10T22:52:30.143293,0.935,0.065,1.0
2025-12-10T22:52:30.761216,0.935,0.065,1.0
2025-12-10T22:52:31.410898,0.935,0.065,1.0
2025-12-10T22:52:32.123944,0.935,0.065,1.0
2025-12-10T22:52:32.752144,0.93,0.07,1.0
2025-12-10T22:52:33.392159,0.935,0.065,1.0
2025-12-10T22:52:34.011723,0.935,0.065,1.0
2025-12-10T22:52:34.632579,0.935,0.065,1.0
2025-12-10T22:52:35.307185,0.92,0.075,0.995
2025-12-10T22:52:35.931845,0.93,0.07,1.0
2025-12-10T22:52:36.538139,0.925,0.075,1.0
2025-12-10T22:52:37.170720,0.925,0.075,1.0
2025-12-10T22:52:37.800934,0.93,0.07,1.0
2025-12-10T22:52:38.449603,0.935,0.065,1.0
2025-12-10T22:52:39.079274,0.925,0.075,1.0
2025-12-10T22:52:39.788492,0.925,0.075,1.0
2025-12-10T22:52:40.401234,0.925,0.075,1.0
2025-12-10T22:52:41.034412,0.92,0.08,1.0
2025-12-10T22:52:41.645117,0.925,0.075,1.0
2025-12-10T22:52:42.276451,0.93,0.07,1.0
2025-12-10T22:52:42.906190,0.93,0.07,1.0
2025-12-10T22:52:43.552903,0.93,0.07,1.0
2025-12-10T22:52:44.186279,0.925,0.075,1.0
2025-12-10T22:52:44.811984,0.92,0.08,1.0
2025-12-10T22:52:45.443326,0.92,0.08,1.0
2025-12-10T22:52:46.062770,0.925,0.075,1.0
2025-12-10T22:52:46.715800,0.935,0.065,1.0
2025-12-10T22:52:47.339920,0.935,0.065,1.0
2025-12-10T22:52:47.990168,0.935,0.065,1.0
2025-12-10T22:52:48.649222,0.935,0.065,1.0
2025-12-10T22:52:49.268263,0.935,0.065,1.0
2025-12-10T22:52:49.889389,0.935,0.065,1.0
2025-12-10T22:52:50.510171,0.935,0.065,1.0
2025-12-10T22:52:51.130615,0.935,0.065,1.0
2025-12-10T22:52:51.764396,0.935,0.065,1.0
2025-12-10T22:52:52.396913,0.935,0.065,1.0
2025-12-10T22:52:53.025401,0.935,0.065,1.0
2025-12-10T22:52:53.641602,0.935,0.065,1.0
2025-12-10T22:52:54.259537,0.935,0.065,1.0
2025-12-10T22:52:54.889050,0.935,0.065,1.0
2025-12-10T22:52:55.519203,0.93,0.07,1.0
2025-12-10T22:52:56.139759,0.935,0.065,1.0
2025-12-10T22:52:55.102938,0.935,0.065,1.0
2025-12-10T22:52:55.760351,0.935,0.065,1.0
2025-12-10T22:52:56.387601,0.94,0.06,1.0
2025-12-10T22:52:57.027540,0.935,0.065,1.0
2025-12-10T22:52:57.642433,0.935,0.065,1.0
2025-12-10T22:52:58.255918,0.935,0.065,1.0
2025-12-10T22:52:58.894997,0.935,0.065,1.0
2025-12-10T22:52:59.514836,0.925,0.075,1.0
2025-12-10T22:53:00.143107,0.925,0.075,1.0
2025-12-10T22:53:00.764260,0.92,0.08,1.0
2025-12-10T22:53:01.389916,0.925,0.075,1.0
2025-12-10T22:53:02.042784,0.915,0.085,1.0
2025-12-10T22:53:02.709327,0.905,0.095,1.0
2025-12-10T22:53:03.425321,0.92,0.08,1.0
2025-12-10T22:53:04.081272,0.925,0.075,1.0
2025-12-10T22:53:04.710650,0.92,0.08,1.0
2025-12-10T22:53:05.339549,0.92,0.08,1.0
2025-12-10T22:53:05.980253,0.915,0.085,1.0
2025-12-10T22:53:06.608438,0.915,0.085,1.0
2025-12-10T22:53:07.237091,0.915,0.085,1.0
2025-12-10T22:53:07.854000,0.905,0.095,1.0
2025-12-10T22:53:08.467380,0.885,0.125,1.01
2025-12-10T22:53:09.136127,0.87,0.13,1.0
2025-12-10T22:53:09.767711,0.885,0.115,1.0
2025-12-10T22:53:10.385553,0.885,0.13,1.0150000000000001
2025-12-10T22:53:11.005193,0.865,0.135,1.0
2025-12-10T22:53:11.637525,0.865,0.135,1.0
2025-12-10T22:53:12.274089,0.865,0.135,1.0
2025-12-10T22:53:12.897799,0.865,0.135,1.0
2025-12-10T22:53:13.528606,0.865,0.135,1.0
2025-12-10T22:53:14.160682,0.865,0.135,1.0
2025-12-10T22:53:14.768205,0.875,0.125,1.0
2025-12-10T22:53:15.396244,0.855,0.145,1.0
2025-12-10T22:53:16.026751,0.855,0.15,1.005
2025-12-10T22:53:16.679659,0.835,0.165,1.0
2025-12-10T22:53:26.350031,0.805,0.195,1.0
2025-12-10T22:53:25.324428,0.815,0.185,1.0
2025-12-10T22:53:25.960891,0.82,0.18,1.0
2025-12-10T22:53:26.595598,0.835,0.165,1.0
2025-12-10T22:53:27.245257,0.83,0.17,1.0
2025-12-10T22:53:27.871592,0.83,0.17,1.0
2025-12-10T22:53:28.530667,0.83,0.17,1.0
2025-12-10T22:53:29.153747,0.83,0.17,1.0
2025-12-10T22:53:29.772774,0.835,0.165,1.0
2025-12-10T22:53:30.406226,0.835,0.165,1.0
2025-12-10T22:53:31.051658,0.835,0.165,1.0
2025-12-10T22:53:31.690239,0.84,0.165,1.005
2025-12-10T22:53:32.320590,0.835,0.165,1.0
2025-12-10T22:53:32.939294,0.845,0.155,1.0
2025-12-10T22:53:33.598597,0.84,0.16,1.0
2025-12-10T22:53:34.229688,0.835,0.165,1.0
2025-12-10T22:53:34.851500,0.83,0.17,1.0
2025-12-10T22:53:35.499403,0.835,0.165,1.0
2025-12-10T22:53:36.128041,0.83,0.17,1.0
2025-12-10T22:53:36.739578,0.825,0.175,1.0
2025-12-10T22:53:37.377956,0.825,0.175,1.0
2025-12-10T22:53:38.030744,0.83,0.17,1.0
2025-12-10T22:53:38.679066,0.83,0.17,1.0
2025-12-10T22:53:39.385661,0.835,0.16,0.995
2025-12-10T22:53:40.116813,0.84,0.155,0.995
2025-12-10T22:53:40.767696,0.855,0.145,1.0
2025-12-10T22:53:41.426066,0.865,0.155,1.02
2025-12-10T22:53:42.125222,0.85,0.15,1.0
2025-12-10T22:53:42.783418,0.855,0.145,1.0
2025-12-10T22:53:43.414162,0.83,0.17,1.0
2025-12-10T22:53:44.038285,0.835,0.165,1.0
2025-12-10T22:53:44.679003,0.835,0.165,1.0
2025-12-10T22:53:45.335533,0.835,0.165,1.0
2025-12-10T22:53:45.956226,0.815,0.185,1.0
2025-12-10T22:53:46.657076,0.82,0.18,1.0
2025-12-10T22:53:47.286691,0.825,0.175,1.0
2025-12-10T22:53:47.923959,0.83,0.17,1.0
2025-12-10T22:53:48.551572,0.835,0.165,1.0
2025-12-10T22:53:49.165751,0.805,0.21,1.0150000000000001
2025-12-10T22:53:49.806893,0.795,0.205,1.0
2025-12-10T22:53:50.488606,0.785,0.215,1.0
2025-12-10T22:53:51.135687,0.8,0.195,0.9950000000000001
2025-12-10T22:53:51.762873,0.805,0.195,1.0
2025-12-10T22:53:52.399346,0.8,0.2,1.0
2025-12-10T22:53:53.024447,0.8,0.2,1.0
2025-12-10T22:53:53.646295,0.8,0.2,1.0
2025-12-10T22:53:54.296342,0.8,0.2,1.0
2025-12-10T22:53:54.930355,0.8,0.2,1.0
2025-12-10T22:53:55.550639,0.8,0.2,1.0
2025-12-10T22:53:56.194840,0.8,0.2,1.0
2025-12-10T22:53:56.817549,0.8,0.2,1.0
2025-12-10T22:53:57.436233,0.795,0.205,1.0
2025-12-10T22:53:56.401534,0.795,0.205,1.0
2025-12-10T22:53:57.064008,0.795,0.205,1.0
2025-12-10T22:53:57.689933,0.79,0.21,1.0
2025-12-10T22:53:58.320325,0.79,0.21,1.0
2025-12-10T22:53:58.951496,0.79,0.21,1.0
2025-12-10T22:53:59.581147,0.795,0.205,1.0
2025-12-10T22:54:00.233551,0.79,0.21,1.0
2025-12-10T22:54:00.853700,0.795,0.205,1.0
2025-12-10T22:54:01.483265,0.805,0.195,1.0
2025-12-10T22:54:02.100960,0.82,0.18,1.0
2025-12-10T22:54:02.721263,0.81,0.195,1.0050000000000001
2025-12-10T22:54:03.342580,0.805,0.195,1.0
2025-12-10T22:54:04.034756,0.815,0.185,1.0
2025-12-10T22:54:04.666966,0.81,0.19,1.0
2025-12-10T22:54:05.321680,0.81,0.19,1.0
2025-12-10T22:54:05.957567,0.795,0.205,1.0
2025-12-10T22:54:06.606057,0.81,0.19,1.0
2025-12-10T22:54:07.221431,0.8,0.2,1.0
2025-12-10T22:54:07.865605,0.795,0.205,1.0
2025-12-10T22:54:08.489753,0.825,0.175,1.0
2025-12-10T22:54:09.135609,0.835,0.165,1.0
2025-12-10T22:54:09.751485,0.835,0.165,1.0
2025-12-10T22:54:10.375942,0.825,0.175,1.0
2025-12-10T22:54:11.019238,0.8,0.2,1.0
2025-12-10T22:54:11.650531,0.8,0.2,1.0
2025-12-10T22:54:12.289579,0.8,0.195,0.9950000000000001
2025-12-10T22:54:12.962668,0.8,0.2,1.0
2025-12-10T22:54:13.619416,0.805,0.195,1.0
2025-12-10T22:54:14.260234,0.825,0.175,1.0
2025-12-10T22:54:14.953325,0.825,0.175,1.0
2025-12-10T22:54:15.627034,0.825,0.175,1.0
2025-12-10T22:54:16.243952,0.825,0.175,1.0
2025-12-10T22:54:16.879571,0.825,0.175,1.0
2025-12-10T22:54:17.535161,0.825,0.175,1.0
2025-12-10T22:54:18.192297,0.83,0.17,1.0
2025-12-10T22:54:18.811138,0.83,0.17,1.0
2025-12-10T22:54:19.511172,0.83,0.17,1.0
2025-12-10T22:54:20.182062,0.83,0.165,0.995
2025-12-10T22:54:20.808303,0.835,0.165,1.0
2025-12-10T22:54:21.453093,0.835,0.16,0.995
2025-12-10T22:54:22.076847,0.855,0.145,1.0
2025-12-10T22:54:22.731577,0.845,0.16,1.005
2025-12-10T22:54:23.350653,0.845,0.155,1.0
2025-12-10T22:54:23.984412,0.84,0.16,1.0
2025-12-10T22:54:24.634271,0.84,0.16,1.0
2025-12-10T22:54:25.292228,0.855,0.155,1.01
2025-12-10T22:54:25.952753,0.84,0.16,1.0
2025-12-10T22:54:26.607043,0.855,0.145,1.0
2025-12-10T22:54:27.287818,0.84,0.16,1.0
2025-12-10T22:54:27.919527,0.84,0.16,1.0
2025-12-10T22:54:26.924808,0.835,0.165,1.0
2025-12-10T22:54:27.545722,0.835,0.165,1.0
2025-12-10T22:54:28.187102,0.845,0.155,1.0
2025-12-10T22:54:28.844953,0.84,0.16,1.0
2025-12-10T22:54:29.475779,0.835,0.165,1.0
2025-12-10T22:54:30.106276,0.83,0.17,1.0
2025-12-10T22:54:30.763136,0.825,0.175,1.0
2025-12-10T22:54:31.401483,0.815,0.185,1.0
2025-12-10T22:54:32.042005,0.815,0.19,1.005
2025-12-10T22:54:32.695338,0.805,0.195,1.0
2025-12-10T22:54:33.372871,0.8,0.2,1.0
2025-12-10T22:54:34.007199,0.795,0.205,1.0
2025-12-10T22:54:34.642205,0.785,0.215,1.0
2025-12-10T22:54:35.335371,0.77,0.24,1.01
2025-12-10T22:54:35.969919,0.755,0.245,1.0
2025-12-10T22:54:36.617427,0.745,0.255,1.0
2025-12-10T22:54:37.251104,0.745,0.255,1.0
2025-12-10T22:54:37.884345,0.745,0.255,1.0
2025-12-10T22:54:38.493958,0.75,0.25,1.0
2025-12-10T22:54:39.157538,0.755,0.245,1.0
2025-12-10T22:54:39.796532,0.78,0.22,1.0
2025-12-10T22:54:40.416601,0.785,0.21,0.995
2025-12-10T22:54:41.065157,0.785,0.215,1.0
2025-12-10T22:54:41.713066,0.785,0.215,1.0
2025-12-10T22:54:42.343471,0.785,0.22,1.0050000000000001
2025-12-10T22:54:42.972978,0.785,0.215,1.0
2025-12-10T22:54:43.612219,0.785,0.215,1.0
2025-12-10T22:54:44.256470,0.785,0.215,1.0
2025-12-10T22:54:44.908982,0.79,0.21,1.0
2025-12-10T22:54:45.545905,0.81,0.19,1.0
2025-12-10T22:54:46.172904,0.815,0.185,1.0
2025-12-10T22:54:46.798774,0.815,0.185,1.0
2025-12-10T22:54:47.415264,0.815,0.185,1.0
2025-12-10T22:54:48.036782,0.82,0.18,1.0
2025-12-10T22:54:48.656012,0.82,0.18,1.0
2025-12-10T22:54:49.280147,0.795,0.205,1.0
2025-12-10T22:54:49.891765,0.74,0.26,1.0
2025-12-10T22:54:50.540433,0.735,0.265,1.0
2025-12-10T22:54:51.163111,0.71,0.29,1.0
2025-12-10T22:54:51.797080,0.695,0.305,1.0
2025-12-10T22:54:52.478728,0.695,0.305,1.0
2025-12-10T22:54:53.115911,0.695,0.305,1.0
2025-12-10T22:54:53.747791,0.685,0.315,1.0
2025-12-10T22:54:54.378069,0.685,0.315,1.0
2025-12-10T22:54:55.017318,0.675,0.325,1.0
2025-12-10T22:54:55.645389,0.675,0.325,1.0
2025-12-10T22:54:56.269222,0.675,0.325,1.0
2025-12-10T22:54:56.891222,0.675,0.325,1.0
2025-12-10T22:54:57.528360,0.675,0.335,1.01
2025-12-10T22:54:58.152205,0.665,0.335,1.0
2025-12-10T22:54:57.114898,0.655,0.345,1.0
2025-12-10T22:54:57.745255,0.655,0.345,1.0
2025-12-10T22:54:58.386566,0.665,0.335,1.0
2025-12-10T22:54:59.046150,0.675,0.325,1.0
2025-12-10T22:54:59.661104,0.67,0.33,1.0
2025-12-10T22:55:00.295945,0.675,0.325,1.0
2025-12-10T22:55:00.914710,0.665,0.335,1.0
2025-12-10T22:55:01.544686,0.675,0.315,0.99
2025-12-10T22:55:02.177472,0.675,0.325,1.0
2025-12-10T22:55:02.835766,0.685,0.315,1.0
2025-12-10T22:55:03.502065,0.695,0.305,1.0
2025-12-10T22:55:04.169815,0.7,0.305,1.005
2025-12-10T22:55:04.802648,0.705,0.295,1.0
2025-12-10T22:55:05.436373,0.7,0.3,1.0
2025-12-10T22:55:06.058802,0.705,0.295,1.0
2025-12-10T22:55:06.684511,0.705,0.29,0.9949999999999999
2025-12-10T22:55:07.324380,0.725,0.275,1.0
2025-12-10T22:55:07.966595,0.695,0.31,1.005
2025-12-10T22:55:08.591304,0.685,0.315,1.0
2025-12-10T22:55:09.214521,0.655,0.345,1.0
2025-12-10T22:55:09.829031,0.645,0.355,1.0
2025-12-10T22:55:10.466761,0.635,0.365,1.0
2025-12-10T22:55:11.087097,0.635,0.36,0.995
2025-12-10T22:55:11.714788,0.63,0.37,1.0
2025-12-10T22:55:12.346246,0.625,0.39,1.0150000000000001
2025-12-10T22:55:12.964142,0.585,0.415,1.0
2025-12-10T22:55:13.597479,0.575,0.425,1.0
2025-12-10T22:55:14.252808,0.585,0.415,1.0
2025-12-10T22:55:14.926870,0.595,0.405,1.0
2025-12-10T22:55:15.560020,0.585,0.415,1.0
2025-12-10T22:55:16.189183,0.59,0.405,0.995
2025-12-10T22:55:16.833101,0.595,0.395,0.99
2025-12-10T22:55:17.492599,0.65,0.34,0.99
2025-12-10T22:55:18.137116,0.68,0.32,1.0
2025-12-10T22:55:18.873387,0.675,0.325,1.0
2025-12-10T22:55:19.621767,0.665,0.33,0.9950000000000001
2025-12-10T22:55:20.325833,0.67,0.33,1.0
2025-12-10T22:55:20.946127,0.675,0.325,1.0
2025-12-10T22:55:21.609378,0.675,0.325,1.0
2025-12-10T22:55:22.279656,0.68,0.32,1.0
2025-12-10T22:55:22.980793,0.685,0.315,1.0
2025-12-10T22:55:23.683443,0.705,0.295,1.0
2025-12-10T22:55:24.320864,0.705,0.295,1.0
2025-12-10T22:55:24.946947,0.705,0.295,1.0
2025-12-10T22:55:25.556668,0.71,0.29,1.0
2025-12-10T22:55:26.183974,0.71,0.29,1.0
2025-12-10T22:55:26.828439,0.71,0.29,1.0
2025-12-10T22:55:27.468255,0.71,0.29,1.0
2025-12-10T22:55:28.096493,0.71,0.29,1.0
2025-12-10T22:55:28.741642,0.715,0.285,1.0
2025-12-10T22:55:27.745121,0.715,0.285,1.0
2025-12-10T22:55:28.368574,0.715,0.285,1.0
2025-12-10T22:55:29.007061,0.715,0.285,1.0
2025-12-10T22:55:29.634062,0.715,0.285,1.0
2025-12-10T22:55:30.248795,0.715,0.285,1.0
2025-12-10T22:55:30.878117,0.715,0.285,1.0
2025-12-10T22:55:31.509960,0.715,0.285,1.0
2025-12-10T22:55:32.137818,0.715,0.285,1.0
2025-12-10T22:55:32.778347,0.715,0.285,1.0
2025-12-10T22:55:33.475659,0.715,0.285,1.0
2025-12-10T22:55:34.137297,0.725,0.275,1.0
2025-12-10T22:55:34.766672,0.73,0.27,1.0
2025-12-10T22:55:35.452208,0.73,0.27,1.0
2025-12-10T22:55:36.097013,0.725,0.275,1.0
2025-12-10T22:55:36.722258,0.715,0.285,1.0
2025-12-10T22:55:37.345970,0.715,0.285,1.0
2025-12-10T22:55:37.979475,0.715,0.285,1.0
2025-12-10T22:55:38.599925,0.715,0.285,1.0
2025-12-10T22:55:39.227460,0.715,0.285,1.0
2025-12-10T22:55:39.895353,0.715,0.285,1.0
2025-12-10T22:55:40.509311,0.72,0.28,1.0
2025-12-10T22:55:41.153089,0.715,0.285,1.0
2025-12-10T22:55:41.767728,0.72,0.28,1.0
2025-12-10T22:55:42.414600,0.705,0.295,1.0
2025-12-10T22:55:43.041079,0.705,0.295,1.0
2025-12-10T22:55:43.683843,0.705,0.295,1.0
2025-12-10T22:55:44.345927,0.705,0.295,1.0
2025-12-10T22:55:44.961915,0.705,0.295,1.0
2025-12-10T22:55:45.592390,0.705,0.3,1.005
2025-12-10T22:55:46.224744,0.685,0.315,1.0
2025-12-10T22:55:46.843695,0.685,0.315,1.0
2025-12-10T22:55:47.463146,0.685,0.31,0.9950000000000001
2025-12-10T22:55:48.131240,0.685,0.315,1.0
2025-12-10T22:55:48.751850,0.665,0.335,1.0
2025-12-10T22:55:49.414559,0.665,0.335,1.0
2025-12-10T22:55:50.050990,0.675,0.325,1.0
2025-12-10T22:55:50.682212,0.675,0.325,1.0
2025-12-10T22:55:51.298359,0.67,0.33,1.0
2025-12-10T22:55:51.928605,0.67,0.33,1.0
2025-12-10T22:55:52.558329,0.67,0.33,1.0
2025-12-10T22:55:53.188208,0.67,0.33,1.0
2025-12-10T22:55:53.816347,0.665,0.335,1.0
2025-12-10T22:55:54.453873,0.65,0.355,1.005
2025-12-10T22:55:55.085040,0.635,0.365,1.0
2025-12-10T22:55:55.710470,0.635,0.365,1.0
2025-12-10T22:55:56.335872,0.645,0.365,1.01
2025-12-10T22:55:56.966803,0.66,0.34,1.0
2025-12-10T22:55:57.597847,0.66,0.34,1.0
2025-12-10T22:55:58.239237,0.655,0.345,1.0
2025-12-10T22:55:58.864764,0.66,0.34,1.0
2025-12-10T22:55:59.489018,0.655,0.345,1.0
2025-12-10T22:55:58.437119,0.655,0.345,1.0
2025-12-10T22:55:59.079680,0.65,0.35,1.0
2025-12-10T22:55:59.788213,0.645,0.355,1.0
2025-12-10T22:56:00.411906,0.655,0.345,1.0
2025-12-10T22:56:01.081679,0.675,0.325,1.0
2025-12-10T22:56:01.763224,0.685,0.315,1.0
2025-12-10T22:56:02.403061,0.685,0.315,1.0
2025-12-10T22:56:03.025689,0.685,0.315,1.0
2025-12-10T22:56:03.647435,0.675,0.32,0.9950000000000001
2025-12-10T22:56:04.395384,0.685,0.315,1.0
2025-12-10T22:56:05.028655,0.68,0.32,1.0
2025-12-10T22:56:05.686640,0.675,0.325,1.0
2025-12-10T22:56:06.332644,0.675,0.325,1.0
2025-12-10T22:56:06.955832,0.675,0.315,0.99
2025-12-10T22:56:07.576938,0.68,0.32,1.0
2025-12-10T22:56:08.205179,0.685,0.305,0.99
2025-12-10T22:56:08.845661,0.68,0.315,0.9950000000000001
2025-12-10T22:56:09.485196,0.69,0.31,1.0
2025-12-10T22:56:10.108601,0.695,0.305,1.0
2025-12-10T22:56:10.765442,0.695,0.305,1.0
2025-12-10T22:56:11.407905,0.695,0.305,1.0
2025-12-10T22:56:12.061424,0.685,0.315,1.0
2025-12-10T22:56:12.712378,0.69,0.31,1.0
2025-12-10T22:56:13.332955,0.695,0.305,1.0
2025-12-10T22:56:13.950881,0.695,0.305,1.0
2025-12-10T22:56:14.579080,0.685,0.31,0.9950000000000001
2025-12-10T22:56:15.215955,0.67,0.335,1.0050000000000001
2025-12-10T22:56:15.864537,0.66,0.34,1.0
2025-12-10T22:56:16.511287,0.66,0.34,1.0
2025-12-10T22:56:17.141444,0.66,0.34,1.0
2025-12-10T22:56:17.804364,0.66,0.34,1.0
2025-12-10T22:56:18.431532,0.66,0.34,1.0
2025-12-10T22:56:19.058022,0.66,0.34,1.0
2025-12-10T22:56:19.671981,0.655,0.345,1.0
2025-12-10T22:56:20.310072,0.645,0.355,1.0
2025-12-10T22:56:20.932712,0.665,0.335,1.0
2025-12-10T22:56:21.567781,0.655,0.345,1.0
2025-12-10T22:56:22.219384,0.655,0.34,0.9950000000000001
2025-12-10T22:56:22.849234,0.665,0.335,1.0
2025-12-10T22:56:23.485701,0.665,0.355,1.02
2025-12-10T22:56:24.117801,0.645,0.355,1.0
2025-12-10T22:56:24.758481,0.635,0.365,1.0
2025-12-10T22:56:25.378101,0.645,0.36,1.005
2025-12-10T22:56:26.032891,0.65,0.35,1.0
2025-12-10T22:56:26.667151,0.655,0.345,1.0
2025-12-10T22:56:27.316126,0.65,0.35,1.0
2025-12-10T22:56:28.047077,0.645,0.355,1.0
2025-12-10T22:56:28.703691,0.645,0.355,1.0
2025-12-10T22:56:29.331568,0.64,0.36,1.0
2025-12-10T22:56:30.024242,0.655,0.345,1.0
2025-12-10T22:56:29.019075,0.655,0.345,1.0
2025-12-10T22:56:29.680960,0.645,0.355,1.0
2025-12-10T22:56:30.324053,0.625,0.375,1.0
2025-12-10T22:56:30.967383,0.625,0.38,1.005
2025-12-10T22:56:31.611086,0.625,0.375,1.0
2025-12-10T22:56:32.251249,0.615,0.385,1.0
2025-12-10T22:56:32.879770,0.605,0.395,1.0
2025-12-10T22:56:33.520799,0.605,0.395,1.0
2025-12-10T22:56:34.167426,0.61,0.39,1.0
2025-12-10T22:56:34.812884,0.61,0.395,1.005
2025-12-10T22:56:35.444381,0.6,0.4,1.0
2025-12-10T22:56:36.118784,0.615,0.39,1.005
2025-12-10T22:56:36.762738,0.62,0.38,1.0
2025-12-10T22:56:37.435727,0.62,0.38,1.0
2025-12-10T22:56:38.071233,0.62,0.38,1.0
2025-12-10T22:56:38.707649,0.62,0.38,1.0
2025-12-10T22:56:39.347719,0.62,0.375,0.995
2025-12-10T22:56:39.963051,0.625,0.37,0.995
2025-12-10T22:56:40.593678,0.64,0.36,1.0
2025-12-10T22:56:41.228053,0.645,0.345,0.99
2025-12-10T22:56:41.874479,0.65,0.35,1.0
2025-12-10T22:56:42.522394,0.645,0.355,1.0
2025-12-10T22:56:43.159463,0.65,0.35,1.0
2025-12-10T22:56:43.825240,0.655,0.345,1.0
2025-12-10T22:56:44.503186,0.65,0.35,1.0
2025-12-10T22:56:45.140166,0.65,0.35,1.0
2025-12-10T22:56:45.817197,0.65,0.355,1.005
2025-12-10T22:56:46.442112,0.635,0.365,1.0
2025-12-10T22:56:47.079164,0.65,0.35,1.0
2025-12-10T22:56:47.711747,0.65,0.355,1.005
2025-12-10T22:56:48.352274,0.625,0.375,1.0
2025-12-10T22:56:49.021337,0.635,0.365,1.0
2025-12-10T22:56:49.687889,0.64,0.36,1.0
2025-12-10T22:56:50.375342,0.64,0.355,0.995
2025-12-10T22:56:51.038076,0.64,0.36,1.0
2025-12-10T22:56:51.698508,0.64,0.365,1.005
2025-12-10T22:56:52.367854,0.64,0.36,1.0
2025-12-10T22:56:53.000067,0.655,0.35,1.005
2025-12-10T22:56:53.629930,0.655,0.34,0.9950000000000001
2025-12-10T22:56:54.286428,0.655,0.345,1.0
2025-12-10T22:56:54.921109,0.65,0.35,1.0
2025-12-10T22:56:55.557991,0.645,0.355,1.0
2025-12-10T22:56:56.197351,0.645,0.355,1.0
2025-12-10T22:56:56.832019,0.645,0.355,1.0
2025-12-10T22:56:57.477625,0.65,0.345,0.995
2025-12-10T22:56:58.111499,0.655,0.345,1.0
2025-12-10T22:56:58.747373,0.66,0.34,1.0
2025-12-10T22:56:59.380447,0.665,0.335,1.0
2025-12-10T22:56:59.993051,0.66,0.34,1.0
2025-12-10T22:57:00.631989,0.655,0.345,1.0
2025-12-10T22:56:59.664283,0.655,0.345,1.0
2025-12-10T22:57:00.306155,0.655,0.345,1.0
2025-12-10T22:57:00.953028,0.655,0.34,0.9950000000000001
2025-12-10T22:57:01.603599,0.665,0.335,1.0
2025-12-10T22:57:02.256125,0.59,0.425,1.015
2025-12-10T22:57:02.974378,0.56,0.44,1.0
2025-12-10T22:57:03.695164,0.555,0.445,1.0
2025-12-10T22:57:04.337581,0.585,0.415,1.0
2025-12-10T22:57:04.969219,0.595,0.405,1.0
2025-12-10T22:57:05.659278,0.615,0.385,1.0
2025-12-10T22:57:06.298183,0.615,0.385,1.0
2025-12-10T22:57:06.945658,0.615,0.385,1.0
2025-12-10T22:57:07.594036,0.6,0.405,1.005
2025-12-10T22:57:08.223261,0.595,0.405,1.0
2025-12-10T22:57:08.849428,0.595,0.405,1.0
2025-12-10T22:57:09.486992,0.585,0.415,1.0
2025-12-10T22:57:10.133470,0.58,0.42,1.0
2025-12-10T22:57:10.803424,0.575,0.42,0.9949999999999999
2025-12-10T22:57:11.428898,0.585,0.415,1.0
2025-12-10T22:57:12.051082,0.585,0.415,1.0
2025-12-10T22:57:12.675031,0.59,0.415,1.005
2025-12-10T22:57:13.325551,0.605,0.395,1.0
2025-12-10T22:57:13.951704,0.665,0.335,1.0
2025-12-10T22:57:14.587306,0.655,0.345,1.0
2025-12-10T22:57:15.236204,0.665,0.345,1.01
2025-12-10T22:57:15.866226,0.655,0.34,0.9950000000000001
2025-12-10T22:57:16.501888,0.665,0.335,1.0
2025-12-10T22:57:17.135507,0.665,0.335,1.0
2025-12-10T22:57:17.775148,0.605,0.395,1.0
2025-12-10T22:57:18.388514,0.605,0.39,0.995
2025-12-10T22:57:19.013567,0.62,0.38,1.0
2025-12-10T22:57:19.664612,0.615,0.385,1.0
2025-12-10T22:57:20.298688,0.615,0.385,1.0
2025-12-10T22:57:20.942872,0.615,0.385,1.0
2025-12-10T22:57:21.583521,0.6,0.4,1.0
2025-12-10T22:57:22.227874,0.575,0.415,0.99
2025-12-10T22:57:22.870539,0.575,0.425,1.0
2025-12-10T22:57:23.509342,0.565,0.445,1.01
2025-12-10T22:57:24.144595,0.565,0.43,0.9949999999999999
2025-12-10T22:57:24.781774,0.57,0.43,1.0
2025-12-10T22:57:25.418988,0.57,0.43,1.0
2025-12-10T22:57:26.049794,0.57,0.43,1.0
2025-12-10T22:57:26.684986,0.57,0.43,1.0
2025-12-10T22:57:27.309465,0.57,0.43,1.0
2025-12-10T22:57:27.956443,0.57,0.43,1.0
2025-12-10T22:57:28.587048,0.57,0.43,1.0
2025-12-10T22:57:29.210277,0.575,0.425,1.0
2025-12-10T22:57:29.847505,0.575,0.425,1.0
2025-12-10T22:57:30.467900,0.575,0.425,1.0
2025-12-10T22:57:31.097526,0.575,0.42,0.9949999999999999
2025-12-10T22:57:31.718121,0.575,0.425,1.0
2025-12-10T22:57:30.683252,0.565,0.435,1.0
2025-12-10T22:57:31.300640,0.575,0.425,1.0
2025-12-10T22:57:31.929725,0.57,0.43,1.0
2025-12-10T22:57:32.625975,0.565,0.435,1.0
2025-12-10T22:57:33.249544,0.565,0.435,1.0
2025-12-10T22:57:33.870255,0.565,0.445,1.01
2025-12-10T22:57:34.482550,0.55,0.455,1.0050000000000001
2025-12-10T22:57:35.158200,0.525,0.475,1.0
2025-12-10T22:57:35.780056,0.535,0.46,0.9950000000000001
2025-12-10T22:57:36.414282,0.575,0.415,0.99
2025-12-10T22:57:37.062005,0.585,0.415,1.0
2025-12-10T22:57:37.684772,0.575,0.425,1.0
2025-12-10T22:57:38.312277,0.575,0.425,1.0
2025-12-10T22:57:38.929681,0.565,0.435,1.0
2025-12-10T22:57:39.553214,0.57,0.43,1.0
2025-12-10T22:57:40.176653,0.575,0.43,1.005
2025-12-10T22:57:40.835865,0.575,0.415,0.99
2025-12-10T22:57:41.485083,0.58,0.42,1.0
2025-12-10T22:57:42.107127,0.57,0.43,1.0
2025-12-10T22:57:42.732139,0.575,0.42,0.9949999999999999
2025-12-10T22:57:43.359837,0.58,0.42,1.0
2025-12-10T22:57:43.976869,0.58,0.42,1.0
2025-12-10T22:57:44.607808,0.58,0.42,1.0
2025-12-10T22:57:45.231750,0.575,0.425,1.0
2025-12-10T22:57:45.906867,0.575,0.425,1.0
2025-12-10T22:57:46.750945,0.585,0.415,1.0
2025-12-10T22:57:47.380817,0.595,0.405,1.0
2025-12-10T22:57:48.061606,0.59,0.41,1.0
2025-12-10T22:57:48.699709,0.59,0.41,1.0
2025-12-10T22:57:49.320329,0.585,0.41,0.9949999999999999
2025-12-10T22:57:49.953408,0.595,0.405,1.0
2025-12-10T22:57:50.565961,0.59,0.41,1.0
2025-12-10T22:57:51.181178,0.59,0.415,1.005
2025-12-10T22:57:51.825630,0.59,0.41,1.0
2025-12-10T22:57:52.456196,0.585,0.415,1.0
2025-12-10T22:57:53.165388,0.585,0.415,1.0
2025-12-10T22:57:53.820938,0.585,0.415,1.0
2025-12-10T22:57:54.456879,0.585,0.415,1.0
2025-12-10T22:57:55.097163,0.59,0.41,1.0
2025-12-10T22:57:55.748457,0.57,0.43,1.0
2025-12-10T22:57:56.387986,0.54,0.465,1.0050000000000001
2025-12-10T22:57:57.020051,0.535,0.465,1.0
2025-12-10T22:57:57.625699,0.545,0.455,1.0
2025-12-10T22:57:58.272123,0.535,0.465,1.0
2025-12-10T22:57:58.934131,0.535,0.465,1.0
2025-12-10T22:57:59.548016,0.525,0.475,1.0
2025-12-10T22:58:00.203339,0.51,0.49,1.0
2025-12-10T22:58:00.829450,0.495,0.505,1.0
2025-12-10T22:58:01.436258,0.495,0.505,1.0
2025-12-10T22:58:02.088296,0.485,0.515,1.0
2025-12-10T22:58:01.058822,0.495,0.505,1.0
2025-12-10T22:58:01.691991,0.485,0.515,1.0
2025-12-10T22:58:02.329621,0.465,0.535,1.0
2025-12-10T22:58:02.947372,0.455,0.545,1.0
2025-12-10T22:58:03.583103,0.385,0.615,1.0
2025-12-10T22:58:04.216383,0.355,0.645,1.0
2025-12-10T22:58:04.849580,0.345,0.655,1.0
2025-12-10T22:58:05.502529,0.31,0.695,1.005
2025-12-10T22:58:06.138494,0.285,0.715,1.0
2025-12-10T22:58:06.755313,0.27,0.735,1.005
2025-12-10T22:58:07.399975,0.24,0.76,1.0
2025-12-10T22:58:08.033766,0.235,0.765,1.0
2025-12-10T22:58:08.666140,0.255,0.75,1.005
2025-12-10T22:58:09.312425,0.235,0.77,1.005
2025-12-10T22:58:09.928542,0.235,0.765,1.0
2025-12-10T22:58:10.595129,0.245,0.755,1.0
2025-12-10T22:58:11.236661,0.24,0.76,1.0
2025-12-10T22:58:11.858903,0.205,0.795,1.0
2025-12-10T22:58:12.494171,0.195,0.805,1.0
2025-12-10T22:58:13.113159,0.195,0.79,0.9850000000000001
2025-12-10T22:58:13.737038,0.215,0.795,1.01
2025-12-10T22:58:14.389245,0.185,0.815,1.0
2025-12-10T22:58:15.014253,0.14,0.86,1.0
2025-12-10T22:58:15.644591,0.13,0.87,1.0
2025-12-10T22:58:16.271947,0.11,0.895,1.0050000000000001
2025-12-10T22:58:16.912803,0.125,0.855,0.98
2025-12-10T22:58:17.577344,0.135,0.865,1.0
2025-12-10T22:58:18.218271,0.13,0.87,1.0
2025-12-10T22:58:18.873139,0.145,0.86,1.005
2025-12-10T22:58:19.524688,0.14,0.86,1.0
2025-12-10T22:58:20.160230,0.12,0.88,1.0
2025-12-10T22:58:20.800428,0.095,0.865,0.96
2025-12-10T22:58:21.425217,0.125,0.88,1.005
2025-12-10T22:58:22.034228,0.12,0.88,1.0
2025-12-10T22:58:22.675349,0.12,0.88,1.0
2025-12-10T22:58:23.283858,0.12,0.88,1.0
2025-12-10T22:58:23.895193,0.12,0.88,1.0
2025-12-10T22:58:24.512107,0.12,0.875,0.995
2025-12-10T22:58:25.160327,0.105,0.895,1.0
2025-12-10T22:58:25.804018,0.11,0.885,0.995
2025-12-10T22:58:26.447447,0.12,0.88,1.0
2025-12-10T22:58:27.064539,0.13,0.87,1.0
2025-12-10T22:58:27.705278,0.14,0.86,1.0
2025-12-10T22:58:28.382358,0.145,0.85,0.995
2025-12-10T22:58:29.034512,0.14,0.86,1.0
2025-12-10T22:58:29.657046,0.125,0.875,1.0
2025-12-10T22:58:30.283673,0.15,0.85,1.0
2025-12-10T22:58:30.929839,0.155,0.845,1.0
2025-12-10T22:58:31.571857,0.12,0.89,1.01
2025-12-10T22:58:32.214445,0.105,0.9,1.0050000000000001
2025-12-10T22:58:32.843081,0.09,0.91,1.0
2025-12-10T22:58:31.820363,0.085,0.915,1.0
2025-12-10T22:58:32.460676,0.125,0.875,1.0
2025-12-10T22:58:33.094949,0.115,0.885,1.0
2025-12-10T22:58:33.742796,0.09,0.91,1.0
2025-12-10T22:58:34.368756,0.095,0.905,1.0
2025-12-10T22:58:35.008873,0.08,0.92,1.0
2025-12-10T22:58:35.642198,0.065,0.935,1.0
2025-12-10T22:58:36.290305,0.05,0.955,1.005
2025-12-10T22:58:36.939740,0.045,0.96,1.005
2025-12-10T22:58:37.558530,0.035,0.965,1.0
2025-12-10T22:58:38.226607,0.035,0.965,1.0
2025-12-10T22:58:38.870213,0.025,0.975,1.0
2025-12-10T22:58:39.497526,0.025,0.975,1.0
2025-12-10T22:58:40.117064,0.025,0.975,1.0
2025-12-10T22:58:40.750358,0.025,0.975,1.0
2025-12-10T22:58:41.387037,0.025,0.975,1.0
2025-12-10T22:58:42.035460,0.025,0.975,1.0
2025-12-10T22:58:42.661929,0.02,0.98,1.0
2025-12-10T22:58:43.296168,0.02,0.98,1.0
2025-12-10T22:58:43.941335,0.02,0.98,1.0
2025-12-10T22:58:44.567455,0.035,0.965,1.0
2025-12-10T22:58:45.193129,0.035,0.965,1.0
2025-12-10T22:58:45.816892,0.035,0.965,1.0
2025-12-10T22:58:46.438971,0.04,0.96,1.0
2025-12-10T22:58:47.067067,0.03,0.97,1.0
2025-12-10T22:58:47.729529,0.03,0.97,1.0
2025-12-10T22:58:48.344457,0.035,0.965,1.0
2025-12-10T22:58:49.003913,0.035,0.965,1.0
2025-12-10T22:58:49.641278,0.025,0.975,1.0
2025-12-10T22:58:50.258544,0.03,0.97,1.0
2025-12-10T22:58:50.875575,0.035,0.965,1.0
2025-12-10T22:58:51.502530,0.025,0.975,1.0
2025-12-10T22:58:52.128507,0.025,0.975,1.0
2025-12-10T22:58:52.742557,0.03,0.97,1.0
2025-12-10T22:58:53.363459,0.03,0.975,1.005
2025-12-10T22:58:53.972851,0.015,0.985,1.0
2025-12-10T22:58:54.598183,0.015,0.985,1.0
2025-12-10T22:58:55.226328,0.015,0.985,1.0
2025-12-10T22:58:55.860524,0.025,0.97,0.995
2025-12-10T22:58:56.490624,0.03,0.97,1.0
2025-12-10T22:58:57.100666,0.03,0.97,1.0
2025-12-10T22:58:57.728891,0.025,0.975,1.0
2025-12-10T22:58:58.345172,0.04,0.965,1.005
2025-12-10T22:58:58.971114,0.045,0.955,1.0
2025-12-10T22:58:59.594121,0.025,0.975,1.0
2025-12-10T22:59:00.207249,0.005,0.995,1.0
2025-12-10T22:59:00.818327,0.015,0.985,1.0
2025-12-10T22:59:01.441568,0.015,0.975,0.99
2025-12-10T22:59:02.078376,0.015,0.995,1.01
2025-12-10T22:59:02.726990,0.005,0.995,1.0
2025-12-10T22:59:03.366410,0.005,0.995,1.0
2025-12-10T22:59:02.365647,0.005,0.995,1.0
2025-12-10T22:59:03.026240,0.005,0.995,1.0
2025-12-10T22:59:03.679362,0.005,0.995,1.0
2025-12-10T22:59:04.352285,0.005,0.995,1.0
2025-12-10T22:59:04.990214,0.005,0.995,1.0
2025-12-10T22:59:05.610913,0.005,0.995,1.0
2025-12-10T22:59:06.226952,0.005,0.995,1.0
2025-12-10T22:59:06.851009,0.005,0.995,1.0
2025-12-10T22:59:07.466980,0.005,0.995,1.0
2025-12-10T22:59:08.088240,0.005,0.995,1.0
2025-12-10T22:59:08.709667,0.005,0.995,1.0
2025-12-10T22:59:09.319494,0.005,0.995,1.0
2025-12-10T22:59:09.953846,0.005,0.995,1.0
2025-12-10T22:59:10.574760,0.005,0.995,1.0
2025-12-10T22:59:11.212831,0.005,0.995,1.0
2025-12-10T22:59:11.830348,0.005,0.995,1.0
2025-12-10T22:59:12.453274,0.005,0.995,1.0
2025-12-10T22:59:13.118597,0.005,0.995,1.0
2025-12-10T22:59:13.760672,0.005,0.995,1.0
2025-12-10T22:59:14.390405,0.005,0.995,1.0
2025-12-10T22:59:15.036592,0.005,0.995,1.0
2025-12-10T22:59:15.670661,0.005,0.995,1.0
2025-12-10T22:59:16.291750,0.005,0.995,1.0
2025-12-10T22:59:16.909478,0.005,0.995,1.0
2025-12-10T22:59:17.534594,0.005,0.995,1.0
2025-12-10T22:59:18.159051,0.005,0.995,1.0
2025-12-10T22:59:18.785285,0.005,0.995,1.0
2025-12-10T22:59:19.427251,0.005,0.995,1.0
2025-12-10T22:59:20.065115,0.005,0.995,1.0
2025-12-10T22:59:20.686276,0.005,0.995,1.0
2025-12-10T22:59:21.299804,0.005,0.995,1.0
2025-12-10T22:59:21.921353,0.005,0.995,1.0
2025-12-10T22:59:22.551359,0.005,0.995,1.0
2025-12-10T22:59:23.162061,0.005,0.995,1.0
2025-12-10T22:59:23.780619,0.005,0.995,1.0
2025-12-10T22:59:24.501000,0.005,0.995,1.0
2025-12-10T22:59:25.186430,0.005,0.995,1.0
2025-12-10T22:59:25.831136,0.005,0.995,1.0
2025-12-10T22:59:26.469014,0.005,0.995,1.0
2025-12-10T22:59:27.114654,0.005,0.995,1.0
2025-12-10T22:59:27.741219,0.005,0.995,1.0
2025-12-10T22:59:28.356626,0.005,0.995,1.0
2025-12-10T22:59:28.990384,0.005,0.995,1.0
2025-12-10T22:59:29.613804,0.005,0.995,1.0
2025-12-10T22:59:30.227535,0.005,0.995,1.0
2025-12-10T22:59:30.866668,0.005,0.995,1.0
2025-12-10T22:59:31.502270,0.005,0.995,1.0
2025-12-10T22:59:32.126248,0.005,0.995,1.0
2025-12-10T22:59:32.734509,0.005,0.995,1.0
2025-12-10T22:59:33.370278,0.005,0.995,1.0
2025-12-10T22:59:34.001752,0.005,0.995,1.0
2025-12-10T22:59:32.979889,0.005,0.995,1.0
2025-12-10T22:59:33.612795,0.005,0.995,1.0
2025-12-10T22:59:34.222478,0.005,0.995,1.0
2025-12-10T22:59:34.852898,0.005,0.995,1.0
2025-12-10T22:59:35.477067,0.005,0.995,1.0
2025-12-10T22:59:36.099617,0.005,0.995,1.0
2025-12-10T22:59:36.767912,0.005,0.995,1.0
2025-12-10T22:59:37.443188,0.005,0.995,1.0
2025-12-10T22:59:38.055632,0.005,0.995,1.0
2025-12-10T22:59:38.696814,0.005,0.995,1.0
2025-12-10T22:59:39.314345,0.005,0.995,1.0
2025-12-10T22:59:40.052120,0.005,0.995,1.0
2025-12-10T22:59:40.680106,0.005,0.995,1.0
2025-12-10T22:59:41.290342,0.005,0.995,1.0
2025-12-10T22:59:41.913893,0.005,0.995,1.0
2025-12-10T22:59:42.532902,0.005,0.995,1.0
2025-12-10T22:59:43.159458,0.005,0.995,1.0
2025-12-10T22:59:43.783879,0.005,0.995,1.0
2025-12-10T22:59:44.422758,0.005,0.995,1.0
2025-12-10T22:59:45.041827,0.005,0.995,1.0
2025-12-10T22:59:45.670873,0.005,0.995,1.0
2025-12-10T22:59:46.320670,0.005,0.995,1.0
2025-12-10T22:59:46.992466,0.005,0.995,1.0
2025-12-10T22:59:47.615428,0.005,0.995,1.0
2025-12-10T22:59:48.241836,0.005,0.995,1.0
2025-12-10T22:59:48.872852,0.005,0.995,1.0
2025-12-10T22:59:49.481739,0.005,0.995,1.0
2025-12-10T22:59:50.106724,0.005,0.995,1.0
2025-12-10T22:59:50.735564,0.005,0.995,1.0
2025-12-10T22:59:51.370925,0.005,0.995,1.0
2025-12-10T22:59:51.998288,0.005,0.995,1.0
2025-12-10T22:59:52.633862,0.005,0.995,1.0
2025-12-10T22:59:53.285012,0.005,0.995,1.0
2025-12-10T22:59:53.920331,0.005,0.995,1.0
2025-12-10T22:59:54.534327,0.005,0.995,1.0
2025-12-10T22:59:55.149988,0.005,0.995,1.0
2025-12-10T22:59:55.771963,0.005,0.995,1.0
2025-12-10T22:59:56.414136,0.005,0.995,1.0
2025-12-10T22:59:57.023185,0.005,0.995,1.0
2025-12-10T22:59:57.642640,0.005,0.995,1.0
2025-12-10T22:59:58.253872,0.005,0.995,1.0
2025-12-10T22:59:58.886038,0.005,0.995,1.0
2025-12-10T22:59:59.514396,0.005,0.995,1.0
2025-12-10T23:00:00.136520,0.005,0.995,1.0
2025-12-10T23:00:00.765259,0.005,0.995,1.0
2025-12-10T23:00:01.374887,0.005,0.995,1.0
2025-12-10T23:00:01.985094,0.005,0.995,1.0
2025-12-10T23:00:02.611317,0.005,0.995,1.0
2025-12-10T23:00:03.229634,0.005,0.995,1.0
2025-12-10T23:00:03.869080,0.005,0.995,1.0
2025-12-10T23:00:04.492904,0.005,0.995,1.0
2025-12-10T23:00:03.460316,0.005,0.995,1.0
2025-12-10T23:00:04.121021,0.005,0.995,1.0
2025-12-10T23:00:04.770462,0.005,0.995,1.0
2025-12-10T23:00:05.396322,0.005,0.995,1.0
2025-12-10T23:00:06.055606,0.005,0.995,1.0
2025-12-10T23:00:06.689934,0.005,0.995,1.0
2025-12-10T23:00:07.310973,0.005,0.995,1.0
2025-12-10T23:00:07.950933,0.005,0.995,1.0
2025-12-10T23:00:08.588817,0.005,0.995,1.0
2025-12-10T23:00:09.221583,0.005,0.995,1.0
2025-12-10T23:00:09.852962,0.005,0.995,1.0
2025-12-10T23:00:10.461519,0.005,0.995,1.0
2025-12-10T23:00:11.082852,0.005,0.995,1.0
2025-12-10T23:00:11.744962,0.005,0.995,1.0
2025-12-10T23:00:12.362197,0.005,0.995,1.0
2025-12-10T23:00:12.989659,0.005,0.995,1.0
2025-12-10T23:00:13.637219,0.005,0.995,1.0
2025-12-10T23:00:14.318301,0.005,0.995,1.0
2025-12-10T23:00:14.944950,0.005,0.995,1.0
2025-12-10T23:00:15.565930,0.005,0.995,1.0
2025-12-10T23:00:16.191276,0.005,0.995,1.0
2025-12-10T23:00:16.817152,0.005,0.995,1.0
2025-12-10T23:00:17.435328,0.005,0.995,1.0
2025-12-10T23:00:18.082064,0.005,0.995,1.0
2025-12-10T23:00:18.718787,0.005,0.995,1.0
2025-12-10T23:00:19.333315,0.005,0.995,1.0
2025-12-10T23:00:19.966931,0.005,0.995,1.0
2025-12-10T23:00:20.608538,0.005,0.995,1.0
2025-12-10T23:00:21.226821,0.005,0.995,1.0
2025-12-10T23:00:21.860987,0.005,0.995,1.0
2025-12-10T23:00:22.491903,0.005,0.995,1.0
2025-12-10T23:00:23.138334,0.005,0.995,1.0
2025-12-10T23:00:23.770604,0.005,0.995,1.0
2025-12-10T23:00:24.418282,0.005,0.995,1.0
2025-12-10T23:00:25.045443,0.005,0.995,1.0
2025-12-10T23:00:25.666426,0.005,0.995,1.0
2025-12-10T23:00:26.297776,0.005,0.995,1.0
2025-12-10T23:00:26.921741,0.005,0.995,1.0
2025-12-10T23:00:27.555411,0.005,0.995,1.0
2025-12-10T23:00:28.182476,0.005,0.995,1.0
2025-12-10T23:00:28.798074,0.005,0.995,1.0
2025-12-10T23:00:29.453893,0.005,0.995,1.0
2025-12-10T23:00:30.087378,0.005,0.995,1.0
2025-12-10T23:00:30.719568,0.005,0.995,1.0
2025-12-10T23:00:31.336761,0.005,0.995,1.0
2025-12-10T23:00:31.963111,0.005,0.995,1.0
2025-12-10T23:00:32.585793,0.005,0.995,1.0
2025-12-10T23:00:33.211634,0.005,0.995,1.0
2025-12-10T23:00:33.829268,0.005,0.995,1.0
2025-12-10T23:00:34.451470,0.005,0.995,1.0
2025-12-10T23:00:35.079594,0.005,0.995,1.0
2025-12-10T23:00:34.042118,0.005,0.995,1.0
2025-12-10T23:00:34.659301,0.005,0.995,1.0
2025-12-10T23:00:35.273671,0.005,0.995,1.0
2025-12-10T23:00:35.909954,0.005,0.995,1.0
2025-12-10T23:00:36.526828,0.005,0.995,1.0
2025-12-10T23:00:37.142597,0.005,0.995,1.0
2025-12-10T23:00:37.759317,0.005,0.995,1.0
2025-12-10T23:00:38.374982,0.005,0.995,1.0
2025-12-10T23:00:39.006546,0.005,0.995,1.0
2025-12-10T23:00:39.622596,0.005,0.995,1.0
2025-12-10T23:00:40.245042,0.005,0.995,1.0
2025-12-10T23:00:40.856096,0.005,0.995,1.0
2025-12-10T23:00:41.502631,0.005,0.995,1.0
2025-12-10T23:00:42.147860,0.005,0.995,1.0
2025-12-10T23:00:42.779663,0.005,0.995,1.0
2025-12-10T23:00:43.396554,0.005,0.995,1.0
2025-12-10T23:00:44.028560,0.005,0.995,1.0
2025-12-10T23:00:44.655234,0.005,0.995,1.0
2025-12-10T23:00:45.271289,0.005,0.995,1.0
2025-12-10T23:00:45.880254,0.005,0.995,1.0
2025-12-10T23:00:46.504540,0.005,0.995,1.0
2025-12-10T23:00:47.117034,0.005,0.995,1.0
2025-12-10T23:00:47.729353,0.005,0.995,1.0
2025-12-10T23:00:48.359322,0.005,0.995,1.0
2025-12-10T23:00:48.995561,0.005,0.995,1.0
2025-12-10T23:00:49.617946,0.005,0.995,1.0
2025-12-10T23:00:50.249189,0.005,0.995,1.0
2025-12-10T23:00:50.885304,0.005,0.995,1.0
2025-12-10T23:00:51.501150,0.005,0.995,1.0
2025-12-10T23:00:52.113263,0.005,0.995,1.0
2025-12-10T23:00:52.740404,0.005,0.995,1.0
2025-12-10T23:00:53.357830,0.005,0.995,1.0
2025-12-10T23:00:53.974242,0.005,0.995,1.0
2025-12-10T23:00:54.584786,0.005,0.995,1.0
2025-12-10T23:00:55.217116,0.005,0.995,1.0
2025-12-10T23:00:55.834794,0.005,0.995,1.0
2025-12-10T23:00:56.485685,0.005,0.995,1.0
2025-12-10T23:00:57.103963,0.005,0.995,1.0
2025-12-10T23:00:57.727393,0.005,0.995,1.0
2025-12-10T23:00:58.340826,0.005,0.995,1.0
2025-12-10T23:00:58.981048,0.005,0.995,1.0

