timestamp,price_yes,price_no,sum_prices
2025-12-11T07:31:00.464002,0.755,0.255,1.01
2025-12-11T07:31:01.083843,0.75,0.25,1.0
2025-12-11T07:31:01.705888,0.745,0.265,1.01
2025-12-11T07:31:02.332551,0.745,0.255,1.0
2025-12-11T07:31:02.964360,0.735,0.265,1.0
2025-12-11T07:31:03.606342,0.74,0.26,1.0
2025-12-11T07:31:04.238097,0.73,0.27,1.0
2025-12-11T07:31:04.845640,0.73,0.27,1.0
2025-12-11T07:31:05.468695,0.73,0.27,1.0
2025-12-11T07:31:06.100971,0.73,0.27,1.0
2025-12-11T07:31:06.730322,0.73,0.27,1.0
2025-12-11T07:31:07.362464,0.73,0.285,1.015
2025-12-11T07:31:07.994721,0.72,0.285,1.005
2025-12-11T07:31:08.620314,0.725,0.275,1.0
2025-12-11T07:31:09.251241,0.725,0.275,1.0
2025-12-11T07:31:09.881497,0.725,0.275,1.0
2025-12-11T07:31:10.505644,0.735,0.265,1.0
2025-12-11T07:31:11.137370,0.73,0.27,1.0
2025-12-11T07:31:11.789822,0.745,0.255,1.0
2025-12-11T07:31:12.446315,0.735,0.265,1.0
2025-12-11T07:31:13.070294,0.735,0.265,1.0
2025-12-11T07:31:13.697801,0.735,0.265,1.0
2025-12-11T07:31:14.329983,0.725,0.275,1.0
2025-12-11T07:31:14.963165,0.755,0.245,1.0
2025-12-11T07:31:15.603148,0.77,0.23,1.0
2025-12-11T07:31:16.239575,0.775,0.225,1.0
2025-12-11T07:31:16.856483,0.77,0.23,1.0
2025-12-11T07:31:17.482617,0.765,0.235,1.0
2025-12-11T07:31:18.129682,0.77,0.23,1.0
2025-12-11T07:31:18.788443,0.77,0.23,1.0
2025-12-11T07:31:19.423066,0.77,0.225,0.995
2025-12-11T07:31:20.066546,0.775,0.225,1.0
2025-12-11T07:31:20.701798,0.785,0.215,1.0
2025-12-11T07:31:21.335436,0.785,0.215,1.0
2025-12-11T07:31:21.975852,0.785,0.215,1.0
2025-12-11T07:31:22.594332,0.785,0.215,1.0
2025-12-11T07:31:23.209394,0.785,0.215,1.0
2025-12-11T07:31:23.832183,0.79,0.21,1.0
2025-12-11T07:31:24.460250,0.79,0.21,1.0
2025-12-11T07:31:23.540932,0.79,0.21,1.0
2025-12-11T07:31:24.174311,0.785,0.215,1.0
2025-12-11T07:31:24.798570,0.785,0.215,1.0
2025-12-11T07:31:25.430380,0.795,0.205,1.0
2025-12-11T07:31:26.066980,0.79,0.215,1.0050000000000001
2025-12-11T07:31:26.696711,0.785,0.215,1.0
2025-12-11T07:31:27.311302,0.78,0.22,1.0
2025-12-11T07:31:27.938442,0.775,0.225,1.0
2025-12-11T07:31:28.572193,0.765,0.235,1.0
2025-12-11T07:31:29.256771,0.76,0.24,1.0
2025-12-11T07:31:29.885605,0.765,0.235,1.0
2025-12-11T07:31:30.514355,0.765,0.235,1.0
2025-12-11T07:31:31.142884,0.765,0.235,1.0
2025-12-11T07:31:31.777088,0.76,0.235,0.995
2025-12-11T07:31:32.402569,0.775,0.225,1.0
2025-12-11T07:31:33.057531,0.765,0.23,0.995
2025-12-11T07:31:33.689476,0.765,0.235,1.0
2025-12-11T07:31:34.315596,0.765,0.235,1.0
2025-12-11T07:31:34.950579,0.785,0.215,1.0
2025-12-11T07:31:35.582362,0.785,0.215,1.0
2025-12-11T07:31:36.214254,0.785,0.215,1.0
2025-12-11T07:31:36.850725,0.785,0.215,1.0
2025-12-11T07:31:37.491495,0.785,0.215,1.0
2025-12-11T07:31:38.116622,0.785,0.215,1.0
2025-12-11T07:31:38.746370,0.785,0.215,1.0
2025-12-11T07:31:39.370340,0.785,0.215,1.0
2025-12-11T07:31:40.011696,0.785,0.215,1.0
2025-12-11T07:31:40.643887,0.785,0.215,1.0
2025-12-11T07:31:41.280062,0.785,0.215,1.0
2025-12-11T07:31:41.919600,0.785,0.215,1.0
2025-12-11T07:31:42.609696,0.785,0.215,1.0
2025-12-11T07:31:43.237051,0.775,0.225,1.0
2025-12-11T07:31:43.871659,0.775,0.225,1.0
2025-12-11T07:31:44.502529,0.775,0.225,1.0
2025-12-11T07:31:45.153635,0.765,0.235,1.0
2025-12-11T07:31:45.781971,0.765,0.235,1.0
2025-12-11T07:31:46.413162,0.765,0.235,1.0
2025-12-11T07:31:47.040270,0.765,0.235,1.0
2025-12-11T07:31:47.687411,0.775,0.225,1.0
2025-12-11T07:31:48.333878,0.785,0.215,1.0
2025-12-11T07:31:48.973529,0.785,0.215,1.0
2025-12-11T07:31:49.597075,0.785,0.215,1.0
2025-12-11T07:31:50.248696,0.785,0.215,1.0
2025-12-11T07:31:50.889218,0.785,0.215,1.0
2025-12-11T07:31:51.514281,0.785,0.215,1.0
2025-12-11T07:31:52.146125,0.785,0.215,1.0
2025-12-11T07:31:52.780352,0.785,0.215,1.0
2025-12-11T07:31:53.413838,0.785,0.215,1.0
2025-12-11T07:31:54.055798,0.785,0.215,1.0
2025-12-11T07:31:54.694118,0.785,0.215,1.0
2025-12-11T07:31:53.766395,0.795,0.205,1.0
2025-12-11T07:31:54.411978,0.785,0.215,1.0
2025-12-11T07:31:55.044546,0.785,0.215,1.0
2025-12-11T07:31:55.677361,0.785,0.21,0.995
2025-12-11T07:31:56.309632,0.785,0.215,1.0
2025-12-11T07:31:56.935758,0.785,0.215,1.0
2025-12-11T07:31:57.568577,0.785,0.215,1.0
2025-12-11T07:31:58.192135,0.785,0.215,1.0
2025-12-11T07:31:58.813299,0.785,0.215,1.0
2025-12-11T07:31:59.459420,0.78,0.225,1.0050000000000001
2025-12-11T07:32:00.092815,0.775,0.235,1.01
2025-12-11T07:32:00.709862,0.755,0.245,1.0
2025-12-11T07:32:01.337876,0.755,0.245,1.0
2025-12-11T07:32:01.956755,0.755,0.245,1.0
2025-12-11T07:32:02.573805,0.765,0.235,1.0
2025-12-11T07:32:03.202665,0.77,0.215,0.985
2025-12-11T07:32:03.838257,0.785,0.215,1.0
2025-12-11T07:32:04.468376,0.795,0.205,1.0
2025-12-11T07:32:05.114937,0.795,0.205,1.0
2025-12-11T07:32:05.738067,0.795,0.205,1.0
2025-12-11T07:32:06.357301,0.8,0.2,1.0
2025-12-11T07:32:06.972820,0.815,0.185,1.0
2025-12-11T07:32:07.592012,0.815,0.185,1.0
2025-12-11T07:32:08.215400,0.81,0.19,1.0
2025-12-11T07:32:08.846664,0.815,0.185,1.0
2025-12-11T07:32:09.466327,0.84,0.155,0.995
2025-12-11T07:32:10.085845,0.845,0.155,1.0
2025-12-11T07:32:10.722671,0.855,0.145,1.0
2025-12-11T07:32:11.342461,0.865,0.135,1.0
2025-12-11T07:32:11.962986,0.865,0.135,1.0
2025-12-11T07:32:12.594186,0.86,0.14,1.0
2025-12-11T07:32:13.210469,0.855,0.145,1.0
2025-12-11T07:32:13.851413,0.86,0.14,1.0
2025-12-11T07:32:14.458872,0.86,0.14,1.0
2025-12-11T07:32:15.082064,0.86,0.14,1.0
2025-12-11T07:32:15.716669,0.86,0.14,1.0
2025-12-11T07:32:16.341797,0.86,0.14,1.0
2025-12-11T07:32:16.962247,0.86,0.14,1.0
2025-12-11T07:32:17.593179,0.86,0.14,1.0
2025-12-11T07:32:18.211148,0.86,0.14,1.0
2025-12-11T07:32:18.826457,0.86,0.14,1.0
2025-12-11T07:32:19.438845,0.86,0.14,1.0
2025-12-11T07:32:20.048863,0.85,0.15,1.0
2025-12-11T07:32:20.665695,0.845,0.155,1.0
2025-12-11T07:32:21.300452,0.85,0.145,0.995
2025-12-11T07:32:21.931832,0.855,0.145,1.0
2025-12-11T07:32:22.555747,0.855,0.145,1.0
2025-12-11T07:32:23.167928,0.855,0.145,1.0
2025-12-11T07:32:23.791152,0.845,0.155,1.0
2025-12-11T07:32:24.403454,0.845,0.155,1.0
2025-12-11T07:32:25.009795,0.845,0.15,0.995
2025-12-11T07:32:25.617200,0.835,0.165,1.0
2025-12-11T07:32:24.668088,0.835,0.165,1.0
2025-12-11T07:32:25.291711,0.835,0.165,1.0
2025-12-11T07:32:25.914469,0.835,0.165,1.0
2025-12-11T07:32:26.534806,0.835,0.165,1.0
2025-12-11T07:32:27.156058,0.835,0.165,1.0
2025-12-11T07:32:27.774929,0.825,0.175,1.0
2025-12-11T07:32:28.398148,0.825,0.175,1.0
2025-12-11T07:32:29.017900,0.825,0.175,1.0
2025-12-11T07:32:29.643339,0.825,0.175,1.0
2025-12-11T07:32:30.269154,0.825,0.175,1.0
2025-12-11T07:32:30.892498,0.825,0.175,1.0
2025-12-11T07:32:31.516953,0.825,0.175,1.0
2025-12-11T07:32:32.136972,0.835,0.165,1.0
2025-12-11T07:32:32.750613,0.835,0.165,1.0
2025-12-11T07:32:33.362760,0.835,0.165,1.0
2025-12-11T07:32:33.988760,0.835,0.165,1.0
2025-12-11T07:32:34.604983,0.835,0.165,1.0
2025-12-11T07:32:35.219866,0.835,0.165,1.0
2025-12-11T07:32:35.842215,0.835,0.165,1.0
2025-12-11T07:32:36.461623,0.85,0.15,1.0
2025-12-11T07:32:37.082787,0.855,0.145,1.0
2025-12-11T07:32:37.751415,0.86,0.14,1.0
2025-12-11T07:32:38.373879,0.86,0.14,1.0
2025-12-11T07:32:38.986503,0.86,0.14,1.0
2025-12-11T07:32:39.606883,0.86,0.14,1.0
2025-12-11T07:32:40.223423,0.86,0.14,1.0
2025-12-11T07:32:40.837780,0.865,0.135,1.0
2025-12-11T07:32:41.461560,0.865,0.135,1.0
2025-12-11T07:32:42.080787,0.87,0.13,1.0
2025-12-11T07:32:42.701244,0.855,0.145,1.0
2025-12-11T07:32:43.317002,0.855,0.145,1.0
2025-12-11T07:32:43.926540,0.855,0.145,1.0
2025-12-11T07:32:44.553596,0.85,0.15,1.0
2025-12-11T07:32:45.189210,0.855,0.145,1.0
2025-12-11T07:32:45.807461,0.85,0.15,1.0
2025-12-11T07:32:46.450727,0.85,0.15,1.0
2025-12-11T07:32:47.066693,0.85,0.15,1.0
2025-12-11T07:32:47.908361,0.85,0.15,1.0
2025-12-11T07:32:48.527589,0.85,0.15,1.0
2025-12-11T07:32:49.152791,0.85,0.15,1.0
2025-12-11T07:32:49.778229,0.85,0.155,1.005
2025-12-11T07:32:50.397173,0.865,0.135,1.0
2025-12-11T07:32:51.014173,0.865,0.145,1.01
2025-12-11T07:32:51.639305,0.855,0.145,1.0
2025-12-11T07:32:52.280159,0.855,0.145,1.0
2025-12-11T07:32:52.910082,0.855,0.145,1.0
2025-12-11T07:32:53.519712,0.85,0.15,1.0
2025-12-11T07:32:54.131369,0.855,0.145,1.0
2025-12-11T07:32:54.750880,0.865,0.135,1.0
2025-12-11T07:32:55.367015,0.865,0.135,1.0
2025-12-11T07:32:55.983673,0.86,0.14,1.0
2025-12-11T07:32:55.092948,0.86,0.14,1.0
2025-12-11T07:32:55.714973,0.875,0.125,1.0
2025-12-11T07:32:56.346328,0.865,0.135,1.0
2025-12-11T07:32:56.956727,0.865,0.135,1.0
2025-12-11T07:32:57.585581,0.865,0.135,1.0
2025-12-11T07:32:58.222025,0.865,0.135,1.0
2025-12-11T07:32:58.869056,0.865,0.135,1.0
2025-12-11T07:32:59.483577,0.865,0.135,1.0
2025-12-11T07:33:00.117884,0.865,0.135,1.0
2025-12-11T07:33:00.746369,0.87,0.13,1.0
2025-12-11T07:33:01.389734,0.87,0.13,1.0
2025-12-11T07:33:02.022019,0.865,0.135,1.0
2025-12-11T07:33:02.638494,0.855,0.145,1.0
2025-12-11T07:33:03.289302,0.845,0.155,1.0
2025-12-11T07:33:03.938238,0.845,0.155,1.0
2025-12-11T07:33:04.599208,0.835,0.165,1.0
2025-12-11T07:33:05.234928,0.825,0.175,1.0
2025-12-11T07:33:05.863905,0.825,0.175,1.0
2025-12-11T07:33:06.490183,0.825,0.175,1.0
2025-12-11T07:33:07.113674,0.825,0.175,1.0
2025-12-11T07:33:07.744784,0.825,0.175,1.0
2025-12-11T07:33:08.398528,0.825,0.175,1.0
2025-12-11T07:33:09.026869,0.82,0.18,1.0
2025-12-11T07:33:09.670383,0.82,0.18,1.0
2025-12-11T07:33:10.305102,0.82,0.18,1.0
2025-12-11T07:33:10.936454,0.805,0.195,1.0
2025-12-11T07:33:11.618399,0.805,0.195,1.0
2025-12-11T07:33:12.246826,0.805,0.195,1.0
2025-12-11T07:33:12.879914,0.795,0.205,1.0
2025-12-11T07:33:13.514512,0.795,0.205,1.0
2025-12-11T07:33:14.161750,0.795,0.205,1.0
2025-12-11T07:33:14.794308,0.795,0.205,1.0
2025-12-11T07:33:15.424895,0.83,0.17,1.0
2025-12-11T07:33:16.059338,0.825,0.18,1.005
2025-12-11T07:33:16.693367,0.815,0.185,1.0
2025-12-11T07:33:17.322888,0.815,0.185,1.0
2025-12-11T07:33:17.955660,0.815,0.185,1.0
2025-12-11T07:33:18.582397,0.815,0.185,1.0
2025-12-11T07:33:19.216662,0.825,0.17,0.995
2025-12-11T07:33:19.873095,0.825,0.18,1.005
2025-12-11T07:33:20.503176,0.815,0.185,1.0
2025-12-11T07:33:21.139835,0.815,0.185,1.0
2025-12-11T07:33:21.777590,0.815,0.185,1.0
2025-12-11T07:33:22.403733,0.81,0.19,1.0
2025-12-11T07:33:23.127283,0.815,0.185,1.0
2025-12-11T07:33:23.760034,0.815,0.185,1.0
2025-12-11T07:33:24.397489,0.81,0.185,0.9950000000000001
2025-12-11T07:33:25.026203,0.815,0.185,1.0
2025-12-11T07:33:25.653617,0.815,0.185,1.0
2025-12-11T07:33:26.290746,0.815,0.185,1.0
2025-12-11T07:33:26.931889,0.805,0.195,1.0
2025-12-11T07:33:26.010270,0.805,0.195,1.0
2025-12-11T07:33:26.632160,0.805,0.195,1.0
2025-12-11T07:33:27.253215,0.805,0.195,1.0
2025-12-11T07:33:27.873908,0.805,0.195,1.0
2025-12-11T07:33:28.575887,0.805,0.195,1.0
2025-12-11T07:33:29.197229,0.805,0.195,1.0
2025-12-11T07:33:29.828764,0.81,0.19,1.0
2025-12-11T07:33:30.454926,0.805,0.19,0.9950000000000001
2025-12-11T07:33:31.090321,0.805,0.195,1.0
2025-12-11T07:33:31.718088,0.805,0.195,1.0
2025-12-11T07:33:32.360474,0.815,0.185,1.0
2025-12-11T07:33:32.984864,0.815,0.185,1.0
2025-12-11T07:33:33.603410,0.815,0.185,1.0
2025-12-11T07:33:34.232231,0.815,0.185,1.0
2025-12-11T07:33:34.858257,0.815,0.185,1.0
2025-12-11T07:33:35.487624,0.815,0.185,1.0
2025-12-11T07:33:36.114095,0.815,0.185,1.0
2025-12-11T07:33:36.741420,0.815,0.185,1.0
2025-12-11T07:33:37.380974,0.815,0.185,1.0
2025-12-11T07:33:38.012427,0.815,0.185,1.0
2025-12-11T07:33:38.645831,0.825,0.175,1.0
2025-12-11T07:33:39.274614,0.835,0.165,1.0
2025-12-11T07:33:39.902796,0.84,0.16,1.0
2025-12-11T07:33:40.529784,0.84,0.16,1.0
2025-12-11T07:33:41.155792,0.84,0.16,1.0
2025-12-11T07:33:41.809209,0.84,0.16,1.0
2025-12-11T07:33:42.432863,0.84,0.16,1.0
2025-12-11T07:33:43.061379,0.835,0.165,1.0
2025-12-11T07:33:43.695851,0.835,0.165,1.0
2025-12-11T07:33:44.322060,0.835,0.165,1.0
2025-12-11T07:33:44.953005,0.835,0.165,1.0
2025-12-11T07:33:45.583173,0.84,0.155,0.995
2025-12-11T07:33:46.216832,0.845,0.155,1.0
2025-12-11T07:33:46.851793,0.84,0.16,1.0
2025-12-11T07:33:47.475887,0.835,0.165,1.0
2025-12-11T07:33:48.109653,0.835,0.165,1.0
2025-12-11T07:33:48.735809,0.84,0.16,1.0
2025-12-11T07:33:49.370024,0.84,0.16,1.0
2025-12-11T07:33:50.005825,0.84,0.16,1.0
2025-12-11T07:33:50.641712,0.84,0.16,1.0
2025-12-11T07:33:51.275088,0.845,0.155,1.0
2025-12-11T07:33:51.912787,0.84,0.16,1.0
2025-12-11T07:33:52.545458,0.855,0.145,1.0
2025-12-11T07:33:53.155844,0.855,0.14,0.995
2025-12-11T07:33:53.792910,0.88,0.12,1.0
2025-12-11T07:33:54.418413,0.88,0.12,1.0
2025-12-11T07:33:55.044805,0.885,0.115,1.0
2025-12-11T07:33:55.678196,0.885,0.115,1.0
2025-12-11T07:33:56.301817,0.875,0.125,1.0
2025-12-11T07:33:56.935792,0.875,0.125,1.0
2025-12-11T07:33:57.563887,0.875,0.125,1.0
2025-12-11T07:33:56.621094,0.875,0.125,1.0
2025-12-11T07:33:57.240800,0.865,0.135,1.0
2025-12-11T07:33:57.922399,0.855,0.145,1.0
2025-12-11T07:33:58.554899,0.855,0.145,1.0
2025-12-11T07:33:59.184159,0.855,0.145,1.0
2025-12-11T07:33:59.830940,0.86,0.14,1.0
2025-12-11T07:34:00.460935,0.86,0.14,1.0
2025-12-11T07:34:01.080225,0.86,0.14,1.0
2025-12-11T07:34:01.704864,0.86,0.14,1.0
2025-12-11T07:34:02.334760,0.865,0.135,1.0
2025-12-11T07:34:02.967133,0.865,0.135,1.0
2025-12-11T07:34:03.587086,0.865,0.135,1.0
2025-12-11T07:34:04.213620,0.865,0.135,1.0
2025-12-11T07:34:04.841103,0.865,0.135,1.0
2025-12-11T07:34:05.480224,0.865,0.135,1.0
2025-12-11T07:34:06.111141,0.865,0.135,1.0
2025-12-11T07:34:06.734464,0.865,0.135,1.0
2025-12-11T07:34:07.361302,0.86,0.14,1.0
2025-12-11T07:34:07.995608,0.845,0.155,1.0
2025-12-11T07:34:08.627332,0.845,0.155,1.0
2025-12-11T07:34:09.253046,0.845,0.155,1.0
2025-12-11T07:34:09.897322,0.845,0.155,1.0
2025-12-11T07:34:10.515407,0.845,0.155,1.0
2025-12-11T07:34:11.144758,0.845,0.155,1.0
2025-12-11T07:34:11.772637,0.845,0.155,1.0
2025-12-11T07:34:12.401304,0.845,0.155,1.0
2025-12-11T07:34:13.041914,0.845,0.155,1.0
2025-12-11T07:34:13.673499,0.845,0.155,1.0
2025-12-11T07:34:14.302510,0.845,0.155,1.0
2025-12-11T07:34:14.943016,0.835,0.165,1.0
2025-12-11T07:34:15.575669,0.805,0.2,1.0050000000000001
2025-12-11T07:34:16.237475,0.795,0.205,1.0
2025-12-11T07:34:16.853299,0.795,0.205,1.0
2025-12-11T07:34:17.510195,0.795,0.205,1.0
2025-12-11T07:34:18.141557,0.795,0.205,1.0
2025-12-11T07:34:18.753535,0.795,0.205,1.0
2025-12-11T07:34:19.418618,0.795,0.205,1.0
2025-12-11T07:34:20.053901,0.795,0.205,1.0
2025-12-11T07:34:20.700326,0.795,0.205,1.0
2025-12-11T07:34:21.327607,0.795,0.205,1.0
2025-12-11T07:34:21.958261,0.795,0.205,1.0
2025-12-11T07:34:22.601706,0.805,0.195,1.0
2025-12-11T07:34:23.232315,0.835,0.165,1.0
2025-12-11T07:34:23.865921,0.835,0.165,1.0
2025-12-11T07:34:24.501580,0.84,0.16,1.0
2025-12-11T07:34:25.121349,0.835,0.165,1.0
2025-12-11T07:34:25.757640,0.835,0.165,1.0
2025-12-11T07:34:26.376684,0.835,0.165,1.0
2025-12-11T07:34:27.010148,0.84,0.16,1.0
2025-12-11T07:34:27.669978,0.85,0.155,1.005
2025-12-11T07:34:28.317447,0.845,0.155,1.0
2025-12-11T07:34:27.385141,0.845,0.15,0.995
2025-12-11T07:34:28.006412,0.855,0.145,1.0
2025-12-11T07:34:28.642029,0.865,0.135,1.0
2025-12-11T07:34:29.275138,0.865,0.135,1.0
2025-12-11T07:34:29.899190,0.865,0.135,1.0
2025-12-11T07:34:30.531718,0.865,0.135,1.0
2025-12-11T07:34:31.172776,0.865,0.135,1.0
2025-12-11T07:34:31.799468,0.865,0.135,1.0
2025-12-11T07:34:32.423929,0.865,0.135,1.0
2025-12-11T07:34:33.051448,0.865,0.135,1.0
2025-12-11T07:34:33.733052,0.865,0.135,1.0
2025-12-11T07:34:34.373017,0.865,0.135,1.0
2025-12-11T07:34:34.997665,0.865,0.135,1.0
2025-12-11T07:34:35.624407,0.865,0.135,1.0
2025-12-11T07:34:36.251991,0.865,0.135,1.0
2025-12-11T07:34:36.876849,0.865,0.135,1.0
2025-12-11T07:34:37.516222,0.865,0.135,1.0
2025-12-11T07:34:38.144967,0.865,0.135,1.0
2025-12-11T07:34:38.775151,0.865,0.135,1.0
2025-12-11T07:34:39.401401,0.865,0.135,1.0
2025-12-11T07:34:40.026037,0.865,0.135,1.0
2025-12-11T07:34:40.644497,0.875,0.125,1.0
2025-12-11T07:34:41.280004,0.875,0.125,1.0
2025-12-11T07:34:41.931439,0.875,0.125,1.0
2025-12-11T07:34:42.541127,0.875,0.125,1.0
2025-12-11T07:34:43.169635,0.875,0.125,1.0
2025-12-11T07:34:43.846492,0.875,0.125,1.0
2025-12-11T07:34:44.477810,0.875,0.125,1.0
2025-12-11T07:34:45.106698,0.88,0.12,1.0
2025-12-11T07:34:45.741128,0.885,0.115,1.0
2025-12-11T07:34:46.384814,0.89,0.11,1.0
2025-12-11T07:34:47.013722,0.89,0.11,1.0
2025-12-11T07:34:47.655361,0.89,0.11,1.0
2025-12-11T07:34:48.285057,0.895,0.105,1.0
2025-12-11T07:34:48.921250,0.895,0.105,1.0
2025-12-11T07:34:49.559929,0.895,0.105,1.0
2025-12-11T07:34:50.183347,0.89,0.11,1.0
2025-12-11T07:34:50.828172,0.89,0.11,1.0
2025-12-11T07:34:51.454632,0.89,0.11,1.0
2025-12-11T07:34:52.091209,0.885,0.115,1.0
2025-12-11T07:34:52.730930,0.89,0.11,1.0
2025-12-11T07:34:53.362514,0.875,0.125,1.0
2025-12-11T07:34:53.972112,0.875,0.125,1.0
2025-12-11T07:34:54.641771,0.875,0.125,1.0
2025-12-11T07:34:55.275476,0.88,0.12,1.0
2025-12-11T07:34:55.912401,0.885,0.115,1.0
2025-12-11T07:34:56.553751,0.895,0.105,1.0
2025-12-11T07:34:57.206722,0.89,0.11,1.0
2025-12-11T07:34:57.880686,0.89,0.11,1.0
2025-12-11T07:34:58.555863,0.89,0.11,1.0
2025-12-11T07:34:59.239446,0.89,0.11,1.0
2025-12-11T07:34:58.346556,0.89,0.11,1.0
2025-12-11T07:34:58.978654,0.905,0.095,1.0
2025-12-11T07:34:59.642644,0.905,0.095,1.0
2025-12-11T07:35:00.279389,0.905,0.095,1.0
2025-12-11T07:35:00.911748,0.9,0.1,1.0
2025-12-11T07:35:01.540280,0.9,0.1,1.0
2025-12-11T07:35:02.164806,0.895,0.105,1.0
2025-12-11T07:35:02.804437,0.895,0.105,1.0
2025-12-11T07:35:03.436782,0.895,0.105,1.0
2025-12-11T07:35:04.063043,0.895,0.105,1.0
2025-12-11T07:35:04.690908,0.895,0.105,1.0
2025-12-11T07:35:05.323210,0.895,0.095,0.99
2025-12-11T07:35:05.948780,0.895,0.105,1.0
2025-12-11T07:35:06.602653,0.895,0.105,1.0
2025-12-11T07:35:07.242549,0.895,0.105,1.0
2025-12-11T07:35:07.904473,0.895,0.105,1.0
2025-12-11T07:35:08.524078,0.895,0.105,1.0
2025-12-11T07:35:09.164139,0.895,0.105,1.0
2025-12-11T07:35:09.833342,0.895,0.105,1.0
2025-12-11T07:35:10.470561,0.895,0.105,1.0
2025-12-11T07:35:11.108058,0.895,0.105,1.0
2025-12-11T07:35:11.743536,0.895,0.105,1.0
2025-12-11T07:35:12.370410,0.895,0.105,1.0
2025-12-11T07:35:12.993406,0.895,0.105,1.0
2025-12-11T07:35:13.630709,0.895,0.105,1.0
2025-12-11T07:35:14.259980,0.895,0.105,1.0
2025-12-11T07:35:14.900490,0.895,0.105,1.0
2025-12-11T07:35:15.542204,0.895,0.105,1.0
2025-12-11T07:35:16.204335,0.895,0.095,0.99
2025-12-11T07:35:16.835363,0.9,0.1,1.0
2025-12-11T07:35:17.468340,0.9,0.1,1.0
2025-12-11T07:35:18.099649,0.9,0.1,1.0
2025-12-11T07:35:18.737011,0.9,0.1,1.0
2025-12-11T07:35:19.367388,0.9,0.1,1.0
2025-12-11T07:35:20.005578,0.9,0.1,1.0
2025-12-11T07:35:20.623022,0.9,0.1,1.0
2025-12-11T07:35:21.255059,0.9,0.1,1.0
2025-12-11T07:35:21.887589,0.9,0.1,1.0
2025-12-11T07:35:22.512202,0.9,0.1,1.0
2025-12-11T07:35:23.151243,0.9,0.1,1.0
2025-12-11T07:35:23.773795,0.905,0.095,1.0
2025-12-11T07:35:24.386216,0.905,0.095,1.0
2025-12-11T07:35:25.012941,0.905,0.09,0.995
2025-12-11T07:35:25.642064,0.905,0.095,1.0
2025-12-11T07:35:26.269838,0.905,0.095,1.0
2025-12-11T07:35:26.897936,0.905,0.095,1.0
2025-12-11T07:35:27.511457,0.905,0.095,1.0
2025-12-11T07:35:28.147670,0.905,0.095,1.0
2025-12-11T07:35:28.782770,0.905,0.095,1.0
2025-12-11T07:35:29.404080,0.905,0.095,1.0
2025-12-11T07:35:30.040488,0.905,0.095,1.0
2025-12-11T07:35:29.109965,0.905,0.095,1.0
2025-12-11T07:35:29.732916,0.905,0.095,1.0
2025-12-11T07:35:30.372046,0.905,0.095,1.0
2025-12-11T07:35:31.015004,0.905,0.095,1.0
2025-12-11T07:35:31.637155,0.915,0.085,1.0
2025-12-11T07:35:32.259928,0.915,0.085,1.0
2025-12-11T07:35:32.924958,0.915,0.085,1.0
2025-12-11T07:35:33.551696,0.915,0.085,1.0
2025-12-11T07:35:34.179838,0.915,0.085,1.0
2025-12-11T07:35:34.803133,0.915,0.085,1.0
2025-12-11T07:35:35.427843,0.915,0.085,1.0
2025-12-11T07:35:36.052080,0.915,0.085,1.0
2025-12-11T07:35:36.680048,0.915,0.085,1.0
2025-12-11T07:35:37.304353,0.925,0.075,1.0
2025-12-11T07:35:37.931116,0.925,0.075,1.0
2025-12-11T07:35:38.565692,0.925,0.075,1.0
2025-12-11T07:35:39.194776,0.925,0.075,1.0
2025-12-11T07:35:39.831199,0.925,0.075,1.0
2025-12-11T07:35:40.466947,0.925,0.075,1.0
2025-12-11T07:35:41.099403,0.925,0.075,1.0
2025-12-11T07:35:41.732862,0.925,0.075,1.0
2025-12-11T07:35:42.382273,0.925,0.075,1.0
2025-12-11T07:35:42.998475,0.93,0.07,1.0
2025-12-11T07:35:43.635136,0.94,0.055,0.995
2025-12-11T07:35:44.281788,0.945,0.055,1.0
2025-12-11T07:35:44.908529,0.945,0.055,1.0
2025-12-11T07:35:45.548079,0.945,0.055,1.0
2025-12-11T07:35:46.196433,0.945,0.055,1.0
2025-12-11T07:35:46.832108,0.945,0.055,1.0
2025-12-11T07:35:47.462317,0.955,0.045,1.0
2025-12-11T07:35:48.102987,0.955,0.045,1.0
2025-12-11T07:35:48.717580,0.955,0.045,1.0
2025-12-11T07:35:49.354200,0.955,0.045,1.0
2025-12-11T07:35:49.991943,0.955,0.045,1.0
2025-12-11T07:35:50.611375,0.955,0.045,1.0
2025-12-11T07:35:51.229309,0.955,0.045,1.0
2025-12-11T07:35:51.859394,0.955,0.045,1.0
2025-12-11T07:35:52.505681,0.955,0.045,1.0
2025-12-11T07:35:53.151626,0.955,0.045,1.0
2025-12-11T07:35:53.768656,0.955,0.045,1.0
2025-12-11T07:35:54.386198,0.955,0.045,1.0
2025-12-11T07:35:55.010945,0.955,0.045,1.0
2025-12-11T07:35:55.645689,0.955,0.045,1.0
2025-12-11T07:35:56.288281,0.955,0.045,1.0
2025-12-11T07:35:56.909121,0.955,0.045,1.0
2025-12-11T07:35:57.524328,0.955,0.045,1.0
2025-12-11T07:35:58.143229,0.955,0.045,1.0
2025-12-11T07:35:58.781659,0.955,0.045,1.0
2025-12-11T07:35:59.398684,0.955,0.045,1.0
2025-12-11T07:36:00.009358,0.955,0.045,1.0
2025-12-11T07:36:00.628732,0.955,0.045,1.0
2025-12-11T07:35:59.721850,0.955,0.045,1.0
2025-12-11T07:36:00.352351,0.955,0.045,1.0
2025-12-11T07:36:00.976249,0.955,0.045,1.0
2025-12-11T07:36:01.602010,0.955,0.045,1.0
2025-12-11T07:36:02.227663,0.955,0.045,1.0
2025-12-11T07:36:02.856475,0.955,0.045,1.0
2025-12-11T07:36:03.472838,0.945,0.055,1.0
2025-12-11T07:36:04.088981,0.945,0.055,1.0
2025-12-11T07:36:04.703373,0.955,0.045,1.0
2025-12-11T07:36:05.340752,0.955,0.045,1.0
2025-12-11T07:36:05.962099,0.955,0.045,1.0
2025-12-11T07:36:06.595757,0.955,0.045,1.0
2025-12-11T07:36:07.219796,0.955,0.045,1.0
2025-12-11T07:36:07.840272,0.955,0.045,1.0
2025-12-11T07:36:08.467694,0.955,0.045,1.0
2025-12-11T07:36:09.101069,0.955,0.045,1.0
2025-12-11T07:36:09.726474,0.955,0.045,1.0
2025-12-11T07:36:10.349706,0.955,0.045,1.0
2025-12-11T07:36:10.978217,0.955,0.045,1.0
2025-12-11T07:36:11.609513,0.955,0.045,1.0
2025-12-11T07:36:12.228671,0.955,0.045,1.0
2025-12-11T07:36:12.847958,0.955,0.045,1.0
2025-12-11T07:36:13.461145,0.965,0.035,1.0
2025-12-11T07:36:14.094623,0.965,0.035,1.0
2025-12-11T07:36:14.712734,0.965,0.035,1.0
2025-12-11T07:36:15.330683,0.965,0.035,1.0
2025-12-11T07:36:15.954707,0.965,0.035,1.0
2025-12-11T07:36:16.594478,0.965,0.035,1.0
2025-12-11T07:36:17.221814,0.965,0.035,1.0
2025-12-11T07:36:17.853225,0.965,0.035,1.0
2025-12-11T07:36:18.493602,0.965,0.035,1.0
2025-12-11T07:36:19.126881,0.965,0.035,1.0
2025-12-11T07:36:19.759980,0.965,0.035,1.0
2025-12-11T07:36:20.386082,0.965,0.035,1.0
2025-12-11T07:36:21.024498,0.965,0.035,1.0
2025-12-11T07:36:21.661631,0.965,0.035,1.0
2025-12-11T07:36:22.293205,0.965,0.035,1.0
2025-12-11T07:36:22.923848,0.965,0.035,1.0
2025-12-11T07:36:23.552252,0.965,0.035,1.0
2025-12-11T07:36:24.190134,0.965,0.035,1.0
2025-12-11T07:36:24.822466,0.965,0.035,1.0
2025-12-11T07:36:25.450485,0.965,0.035,1.0
2025-12-11T07:36:26.083699,0.965,0.035,1.0
2025-12-11T07:36:26.719506,0.965,0.035,1.0
2025-12-11T07:36:27.348732,0.97,0.025,0.995
2025-12-11T07:36:27.978457,0.975,0.025,1.0
2025-12-11T07:36:28.606991,0.975,0.025,1.0
2025-12-11T07:36:29.221066,0.975,0.025,1.0
2025-12-11T07:36:29.850611,0.975,0.025,1.0
2025-12-11T07:36:30.479513,0.975,0.025,1.0
2025-12-11T07:36:31.102376,0.975,0.025,1.0
2025-12-11T07:36:30.184379,0.975,0.025,1.0
2025-12-11T07:36:30.808111,0.975,0.025,1.0
2025-12-11T07:36:31.444902,0.975,0.025,1.0
2025-12-11T07:36:32.072535,0.975,0.025,1.0
2025-12-11T07:36:32.687043,0.975,0.025,1.0
2025-12-11T07:36:33.309636,0.975,0.025,1.0
2025-12-11T07:36:33.936306,0.975,0.025,1.0
2025-12-11T07:36:34.565762,0.975,0.025,1.0
2025-12-11T07:36:35.193482,0.975,0.025,1.0
2025-12-11T07:36:35.829856,0.975,0.025,1.0
2025-12-11T07:36:36.456453,0.975,0.025,1.0
2025-12-11T07:36:37.094235,0.975,0.025,1.0
2025-12-11T07:36:37.722755,0.975,0.025,1.0
2025-12-11T07:36:38.342679,0.975,0.025,1.0
2025-12-11T07:36:38.965309,0.975,0.025,1.0
2025-12-11T07:36:39.605679,0.975,0.025,1.0
2025-12-11T07:36:40.217072,0.975,0.025,1.0
2025-12-11T07:36:40.835163,0.975,0.025,1.0
2025-12-11T07:36:41.465401,0.975,0.025,1.0
2025-12-11T07:36:42.096481,0.975,0.025,1.0
2025-12-11T07:36:42.722723,0.975,0.025,1.0
2025-12-11T07:36:43.356887,0.975,0.025,1.0
2025-12-11T07:36:44.008973,0.975,0.025,1.0
2025-12-11T07:36:44.636561,0.975,0.025,1.0
2025-12-11T07:36:45.267148,0.975,0.025,1.0
2025-12-11T07:36:45.885056,0.975,0.025,1.0
2025-12-11T07:36:46.507222,0.975,0.025,1.0
2025-12-11T07:36:47.144061,0.975,0.025,1.0
2025-12-11T07:36:47.762860,0.975,0.025,1.0
2025-12-11T07:36:48.399945,0.975,0.025,1.0
2025-12-11T07:36:49.028109,0.975,0.025,1.0
2025-12-11T07:36:49.652734,0.975,0.025,1.0
2025-12-11T07:36:50.274405,0.975,0.025,1.0
2025-12-11T07:36:50.895994,0.975,0.025,1.0
2025-12-11T07:36:51.541345,0.975,0.025,1.0
2025-12-11T07:36:52.183278,0.975,0.025,1.0
2025-12-11T07:36:52.796081,0.975,0.025,1.0
2025-12-11T07:36:53.428315,0.975,0.025,1.0
2025-12-11T07:36:54.082665,0.975,0.025,1.0
2025-12-11T07:36:54.690546,0.975,0.025,1.0
2025-12-11T07:36:55.323520,0.975,0.025,1.0
2025-12-11T07:36:55.948921,0.975,0.025,1.0
2025-12-11T07:36:56.572526,0.975,0.025,1.0
2025-12-11T07:36:57.202561,0.975,0.025,1.0
2025-12-11T07:36:57.812030,0.975,0.025,1.0
2025-12-11T07:36:58.441433,0.975,0.025,1.0
2025-12-11T07:36:59.063376,0.975,0.025,1.0
2025-12-11T07:36:59.690400,0.975,0.025,1.0
2025-12-11T07:37:00.330848,0.975,0.025,1.0
2025-12-11T07:37:00.948725,0.975,0.025,1.0
2025-12-11T07:37:01.586994,0.975,0.025,1.0
2025-12-11T07:37:00.667812,0.975,0.025,1.0
2025-12-11T07:37:01.291797,0.975,0.025,1.0
2025-12-11T07:37:01.922820,0.975,0.025,1.0
2025-12-11T07:37:02.562421,0.975,0.025,1.0
2025-12-11T07:37:03.195619,0.975,0.025,1.0
2025-12-11T07:37:03.841673,0.975,0.025,1.0
2025-12-11T07:37:04.459562,0.975,0.025,1.0
2025-12-11T07:37:05.115962,0.975,0.025,1.0
2025-12-11T07:37:05.731157,0.975,0.025,1.0
2025-12-11T07:37:06.354480,0.975,0.025,1.0
2025-12-11T07:37:06.982293,0.975,0.025,1.0
2025-12-11T07:37:07.622827,0.975,0.025,1.0
2025-12-11T07:37:08.250540,0.975,0.025,1.0
2025-12-11T07:37:08.915296,0.975,0.025,1.0
2025-12-11T07:37:09.538277,0.975,0.025,1.0
2025-12-11T07:37:10.155155,0.975,0.025,1.0
2025-12-11T07:37:10.779925,0.975,0.025,1.0
2025-12-11T07:37:11.395836,0.975,0.025,1.0
2025-12-11T07:37:12.006426,0.975,0.025,1.0
2025-12-11T07:37:12.652261,0.975,0.025,1.0
2025-12-11T07:37:13.282423,0.975,0.025,1.0
2025-12-11T07:37:13.950106,0.975,0.025,1.0
2025-12-11T07:37:14.576523,0.975,0.025,1.0
2025-12-11T07:37:15.208767,0.975,0.025,1.0
2025-12-11T07:37:15.834145,0.975,0.025,1.0
2025-12-11T07:37:16.460981,0.975,0.025,1.0
2025-12-11T07:37:17.113303,0.975,0.025,1.0
2025-12-11T07:37:17.746365,0.975,0.025,1.0
2025-12-11T07:37:18.351967,0.975,0.025,1.0
2025-12-11T07:37:18.995795,0.975,0.025,1.0
2025-12-11T07:37:19.619261,0.975,0.025,1.0
2025-12-11T07:37:20.233911,0.975,0.025,1.0
2025-12-11T07:37:20.856578,0.975,0.025,1.0
2025-12-11T07:37:21.487428,0.975,0.025,1.0
2025-12-11T07:37:22.110750,0.975,0.025,1.0
2025-12-11T07:37:22.747874,0.975,0.025,1.0
2025-12-11T07:37:23.394869,0.975,0.025,1.0
2025-12-11T07:37:24.017270,0.975,0.025,1.0
2025-12-11T07:37:24.635847,0.975,0.025,1.0
2025-12-11T07:37:25.262942,0.975,0.025,1.0
2025-12-11T07:37:25.885018,0.975,0.025,1.0
2025-12-11T07:37:26.493030,0.975,0.025,1.0
2025-12-11T07:37:27.120851,0.975,0.025,1.0
2025-12-11T07:37:27.746860,0.975,0.025,1.0
2025-12-11T07:37:28.381852,0.975,0.025,1.0
2025-12-11T07:37:29.006236,0.975,0.025,1.0
2025-12-11T07:37:29.626371,0.975,0.025,1.0
2025-12-11T07:37:30.237544,0.975,0.025,1.0
2025-12-11T07:37:30.888483,0.975,0.025,1.0
2025-12-11T07:37:31.504504,0.975,0.025,1.0
2025-12-11T07:37:32.146015,0.975,0.025,1.0
2025-12-11T07:37:32.764692,0.975,0.025,1.0
2025-12-11T07:37:31.837260,0.975,0.025,1.0
2025-12-11T07:37:32.465836,0.975,0.025,1.0
2025-12-11T07:37:33.094089,0.975,0.025,1.0
2025-12-11T07:37:33.727802,0.975,0.025,1.0
2025-12-11T07:37:34.358196,0.975,0.025,1.0
2025-12-11T07:37:34.978009,0.975,0.025,1.0
2025-12-11T07:37:35.594936,0.975,0.025,1.0
2025-12-11T07:37:36.268338,0.975,0.025,1.0
2025-12-11T07:37:36.887366,0.98,0.02,1.0
2025-12-11T07:37:37.500365,0.98,0.02,1.0
2025-12-11T07:37:38.126623,0.985,0.015,1.0
2025-12-11T07:37:38.754840,0.985,0.015,1.0
2025-12-11T07:37:39.389358,0.985,0.015,1.0
2025-12-11T07:37:40.002766,0.98,0.02,1.0
2025-12-11T07:37:40.615544,0.98,0.02,1.0
2025-12-11T07:37:41.251975,0.985,0.015,1.0
2025-12-11T07:37:41.885125,0.985,0.015,1.0
2025-12-11T07:37:42.518853,0.985,0.015,1.0
2025-12-11T07:37:43.145914,0.985,0.015,1.0
2025-12-11T07:37:43.757517,0.985,0.015,1.0
2025-12-11T07:37:44.389985,0.985,0.015,1.0
2025-12-11T07:37:45.005944,0.98,0.02,1.0
2025-12-11T07:37:45.636775,0.98,0.02,1.0
2025-12-11T07:37:46.274961,0.98,0.02,1.0
2025-12-11T07:37:46.890763,0.98,0.02,1.0
2025-12-11T07:37:47.512773,0.98,0.02,1.0
2025-12-11T07:37:48.124371,0.98,0.02,1.0
2025-12-11T07:37:48.740449,0.985,0.015,1.0
2025-12-11T07:37:49.352402,0.995,0.005,1.0
2025-12-11T07:37:49.977532,0.995,0.005,1.0
2025-12-11T07:37:50.614147,0.995,0.005,1.0
2025-12-11T07:37:51.232508,0.995,0.005,1.0
2025-12-11T07:37:51.854821,0.995,0.005,1.0
2025-12-11T07:37:52.549272,0.995,0.005,1.0
2025-12-11T07:37:53.175718,0.995,0.005,1.0
2025-12-11T07:37:53.808570,0.995,0.005,1.0
2025-12-11T07:37:54.439583,0.995,0.005,1.0
2025-12-11T07:37:55.058143,0.995,0.005,1.0
2025-12-11T07:37:55.678952,0.995,0.005,1.0
2025-12-11T07:37:56.290984,0.995,0.005,1.0
2025-12-11T07:37:56.910329,0.995,0.005,1.0
2025-12-11T07:37:57.524729,0.995,0.005,1.0
2025-12-11T07:37:58.149520,0.995,0.005,1.0
2025-12-11T07:37:58.787106,0.995,0.005,1.0
2025-12-11T07:37:59.392429,0.995,0.005,1.0
2025-12-11T07:38:00.007678,0.995,0.005,1.0
2025-12-11T07:38:00.628718,0.995,0.005,1.0
2025-12-11T07:38:01.251876,0.995,0.005,1.0
2025-12-11T07:38:01.863368,0.995,0.005,1.0
2025-12-11T07:38:02.468999,0.995,0.005,1.0
2025-12-11T07:38:03.089575,0.995,0.005,1.0
2025-12-11T07:38:02.189645,0.995,0.005,1.0
2025-12-11T07:38:02.802097,0.995,0.005,1.0
2025-12-11T07:38:03.439068,0.995,0.005,1.0
2025-12-11T07:38:04.056195,0.995,0.005,1.0
2025-12-11T07:38:04.678316,0.995,0.005,1.0
2025-12-11T07:38:05.313025,0.995,0.005,1.0
2025-12-11T07:38:05.942868,0.995,0.005,1.0
2025-12-11T07:38:06.566024,0.995,0.005,1.0
2025-12-11T07:38:07.185315,0.995,0.005,1.0
2025-12-11T07:38:07.809862,0.995,0.005,1.0
2025-12-11T07:38:08.448226,0.995,0.005,1.0
2025-12-11T07:38:09.079113,0.995,0.005,1.0
2025-12-11T07:38:09.701978,0.995,0.005,1.0
2025-12-11T07:38:10.330621,0.995,0.005,1.0
2025-12-11T07:38:10.961936,0.995,0.005,1.0
2025-12-11T07:38:11.591471,0.995,0.005,1.0
2025-12-11T07:38:12.223888,0.995,0.005,1.0
2025-12-11T07:38:12.849318,0.995,0.005,1.0
2025-12-11T07:38:13.474798,0.995,0.005,1.0
2025-12-11T07:38:14.100146,0.995,0.005,1.0
2025-12-11T07:38:14.710612,0.995,0.005,1.0
2025-12-11T07:38:15.342542,0.995,0.005,1.0
2025-12-11T07:38:15.998533,0.995,0.005,1.0
2025-12-11T07:38:16.614273,0.995,0.005,1.0
2025-12-11T07:38:17.229135,0.995,0.005,1.0
2025-12-11T07:38:17.864102,0.995,0.005,1.0
2025-12-11T07:38:18.481982,0.995,0.005,1.0
2025-12-11T07:38:19.100979,0.995,0.005,1.0
2025-12-11T07:38:19.728545,0.995,0.005,1.0
2025-12-11T07:38:20.350674,0.995,0.005,1.0
2025-12-11T07:38:20.978963,0.995,0.005,1.0
2025-12-11T07:38:21.592534,0.995,0.005,1.0
2025-12-11T07:38:22.235656,0.995,0.005,1.0
2025-12-11T07:38:22.867306,0.995,0.005,1.0
2025-12-11T07:38:23.493814,0.995,0.005,1.0
2025-12-11T07:38:24.119727,0.995,0.005,1.0
2025-12-11T07:38:24.751924,0.995,0.005,1.0
2025-12-11T07:38:25.378603,0.995,0.005,1.0
2025-12-11T07:38:26.029657,0.995,0.005,1.0
2025-12-11T07:38:26.644798,0.995,0.005,1.0
2025-12-11T07:38:27.289830,0.995,0.005,1.0
2025-12-11T07:38:27.926335,0.995,0.005,1.0
2025-12-11T07:38:28.552126,0.995,0.005,1.0
2025-12-11T07:38:29.181312,0.995,0.005,1.0
2025-12-11T07:38:29.797820,0.995,0.005,1.0
2025-12-11T07:38:30.433120,0.995,0.005,1.0
2025-12-11T07:38:31.056595,0.995,0.005,1.0
2025-12-11T07:38:31.669309,0.995,0.005,1.0
2025-12-11T07:38:32.290368,0.995,0.005,1.0
2025-12-11T07:38:32.908958,0.995,0.005,1.0
2025-12-11T07:38:33.535907,0.995,0.005,1.0
2025-12-11T07:38:34.146674,0.995,0.005,1.0
2025-12-11T07:38:33.228090,0.995,0.005,1.0
2025-12-11T07:38:33.860852,0.995,0.005,1.0
2025-12-11T07:38:34.494328,0.995,0.005,1.0
2025-12-11T07:38:35.168871,0.995,0.005,1.0
2025-12-11T07:38:35.797036,0.995,0.005,1.0
2025-12-11T07:38:36.423808,0.995,0.005,1.0
2025-12-11T07:38:37.050193,0.995,0.005,1.0
2025-12-11T07:38:37.667878,0.995,0.005,1.0
2025-12-11T07:38:38.282339,0.995,0.005,1.0
2025-12-11T07:38:38.918832,0.995,0.005,1.0
2025-12-11T07:38:39.550283,0.995,0.005,1.0
2025-12-11T07:38:40.161080,0.995,0.005,1.0
2025-12-11T07:38:40.794222,0.995,0.005,1.0
2025-12-11T07:38:41.416309,0.995,0.005,1.0
2025-12-11T07:38:42.042597,0.995,0.005,1.0
2025-12-11T07:38:42.682080,0.995,0.005,1.0
2025-12-11T07:38:43.291547,0.995,0.005,1.0
2025-12-11T07:38:43.941005,0.995,0.005,1.0
2025-12-11T07:38:44.563216,0.995,0.005,1.0
2025-12-11T07:38:45.186079,0.995,0.005,1.0
2025-12-11T07:38:45.811434,0.995,0.005,1.0
2025-12-11T07:38:46.430097,0.995,0.005,1.0
2025-12-11T07:38:47.053250,0.995,0.005,1.0
2025-12-11T07:38:47.681290,0.995,0.005,1.0
2025-12-11T07:38:48.305423,0.995,0.005,1.0
2025-12-11T07:38:48.928605,0.995,0.005,1.0
2025-12-11T07:38:49.551016,0.995,0.005,1.0
2025-12-11T07:38:50.179220,0.995,0.005,1.0
2025-12-11T07:38:50.794214,0.995,0.005,1.0
2025-12-11T07:38:51.410821,0.995,0.005,1.0
2025-12-11T07:38:52.042201,0.995,0.005,1.0
2025-12-11T07:38:52.675501,0.995,0.005,1.0
2025-12-11T07:38:53.297913,0.995,0.005,1.0
2025-12-11T07:38:53.911674,0.995,0.005,1.0
2025-12-11T07:38:54.545111,0.995,0.005,1.0
2025-12-11T07:38:55.165481,0.995,0.005,1.0
2025-12-11T07:38:55.808159,0.995,0.005,1.0
2025-12-11T07:38:56.427708,0.995,0.005,1.0
2025-12-11T07:38:57.050356,0.995,0.005,1.0
2025-12-11T07:38:57.677491,0.995,0.005,1.0
2025-12-11T07:38:58.302772,0.995,0.005,1.0
2025-12-11T07:38:58.912861,0.995,0.005,1.0
2025-12-11T07:38:59.532759,0.995,0.005,1.0
2025-12-11T07:39:00.175104,0.995,0.005,1.0
2025-12-11T07:39:00.805227,0.995,0.005,1.0
2025-12-11T07:39:01.439542,0.995,0.005,1.0
2025-12-11T07:39:02.065650,0.995,0.005,1.0
2025-12-11T07:39:02.711833,0.995,0.005,1.0
2025-12-11T07:39:03.322860,0.995,0.005,1.0
2025-12-11T07:39:03.953541,0.995,0.005,1.0
2025-12-11T07:39:04.588194,0.995,0.005,1.0
2025-12-11T07:39:03.673630,0.995,0.005,1.0
2025-12-11T07:39:04.308046,0.995,0.005,1.0
2025-12-11T07:39:04.926130,0.995,0.005,1.0
2025-12-11T07:39:05.555138,0.995,0.005,1.0
2025-12-11T07:39:06.172526,0.995,0.005,1.0
2025-12-11T07:39:06.790539,0.995,0.005,1.0
2025-12-11T07:39:07.434271,0.995,0.005,1.0
2025-12-11T07:39:08.064427,0.995,0.005,1.0
2025-12-11T07:39:08.698043,0.995,0.005,1.0
2025-12-11T07:39:09.389433,0.995,0.005,1.0
2025-12-11T07:39:10.017882,0.995,0.005,1.0
2025-12-11T07:39:10.647581,0.995,0.005,1.0
2025-12-11T07:39:11.277569,0.995,0.005,1.0
2025-12-11T07:39:11.897181,0.995,0.005,1.0
2025-12-11T07:39:12.515488,0.995,0.005,1.0
2025-12-11T07:39:13.128192,0.995,0.005,1.0
2025-12-11T07:39:13.764240,0.995,0.005,1.0
2025-12-11T07:39:14.417632,0.995,0.005,1.0
2025-12-11T07:39:15.037975,0.995,0.005,1.0
2025-12-11T07:39:15.686153,0.995,0.005,1.0
2025-12-11T07:39:16.319377,0.995,0.005,1.0
2025-12-11T07:39:16.929754,0.995,0.005,1.0
2025-12-11T07:39:17.559070,0.995,0.005,1.0
2025-12-11T07:39:18.181891,0.995,0.005,1.0
2025-12-11T07:39:18.869587,0.995,0.005,1.0
2025-12-11T07:39:19.481313,0.995,0.005,1.0
2025-12-11T07:39:20.100625,0.995,0.005,1.0
2025-12-11T07:39:20.809643,0.995,0.005,1.0
2025-12-11T07:39:21.439151,0.995,0.005,1.0
2025-12-11T07:39:22.050946,0.995,0.005,1.0
2025-12-11T07:39:22.677012,0.995,0.005,1.0
2025-12-11T07:39:23.303125,0.995,0.005,1.0
2025-12-11T07:39:23.932140,0.995,0.005,1.0
2025-12-11T07:39:24.585355,0.995,0.005,1.0
2025-12-11T07:39:25.256565,0.995,0.005,1.0
2025-12-11T07:39:25.889630,0.995,0.005,1.0
2025-12-11T07:39:26.514717,0.9945,0.0055,1.0
2025-12-11T07:39:27.157222,0.9945,0.0055,1.0
2025-12-11T07:39:27.775487,0.9945,0.0055,1.0
2025-12-11T07:39:28.409207,0.9945,0.0055,1.0
2025-12-11T07:39:29.031178,0.9945,0.0055,1.0
2025-12-11T07:39:29.654935,0.9945,0.0055,1.0
2025-12-11T07:39:30.331263,0.9945,0.0055,1.0
2025-12-11T07:39:30.985467,0.9945,0.0055,1.0
2025-12-11T07:39:31.644646,0.9945,0.0055,1.0
2025-12-11T07:39:32.268441,0.9945,0.0055,1.0
2025-12-11T07:39:32.912184,0.9945,0.0055,1.0
2025-12-11T07:39:33.553670,0.9945,0.0055,1.0
2025-12-11T07:39:34.191426,0.995,0.005,1.0
2025-12-11T07:39:34.836188,0.995,0.005,1.0
2025-12-11T07:39:35.487106,0.995,0.005,1.0
2025-12-11T07:39:34.564422,0.995,0.005,1.0
2025-12-11T07:39:35.198956,0.995,0.005,1.0
2025-12-11T07:39:35.833833,0.995,0.005,1.0
2025-12-11T07:39:36.449292,0.995,0.005,1.0
2025-12-11T07:39:37.086598,0.995,0.005,1.0
2025-12-11T07:39:37.713751,0.995,0.005,1.0
2025-12-11T07:39:38.362325,0.995,0.005,1.0
2025-12-11T07:39:39.005471,0.995,0.005,1.0
2025-12-11T07:39:39.628850,0.995,0.005,1.0
2025-12-11T07:39:40.258721,0.995,0.005,1.0
2025-12-11T07:39:40.888129,0.995,0.005,1.0
2025-12-11T07:39:41.521593,0.995,0.005,1.0
2025-12-11T07:39:42.144110,0.995,0.005,1.0
2025-12-11T07:39:42.757242,0.995,0.005,1.0
2025-12-11T07:39:43.395568,0.995,0.005,1.0
2025-12-11T07:39:44.036114,0.995,0.005,1.0
2025-12-11T07:39:44.682791,0.995,0.005,1.0
2025-12-11T07:39:45.315789,0.995,0.005,1.0
2025-12-11T07:39:45.958170,0.995,0.005,1.0
2025-12-11T07:39:46.582906,0.995,0.005,1.0
2025-12-11T07:39:47.206370,0.995,0.005,1.0
2025-12-11T07:39:47.851116,0.995,0.005,1.0
2025-12-11T07:39:48.511251,0.995,0.005,1.0
2025-12-11T07:39:49.225970,0.995,0.005,1.0
2025-12-11T07:39:50.920296,0.995,0.005,1.0
2025-12-11T07:39:51.940237,0.995,0.005,1.0
2025-12-11T07:39:52.603698,0.995,0.0025,0.9974999999999999
2025-12-11T07:39:53.235137,0.9975,0.0025,1.0
2025-12-11T07:39:53.868324,0.9975,0.0025,1.0
2025-12-11T07:39:54.502486,0.9975,0.0025,1.0
2025-12-11T07:39:55.726294,0.9975,0.0025,1.0
2025-12-11T07:39:56.509501,0.9975,0.0025,1.0
2025-12-11T07:39:57.618919,0.9975,0.0025,1.0
2025-12-11T07:39:58.803298,0.9975,0.0025,1.0
2025-12-11T07:39:59.538143,0.9975,0.0025,1.0
2025-12-11T07:40:01.513223,0.9975,0.0025,1.0
2025-12-11T07:40:02.673787,0.9975,0.002,0.9995
2025-12-11T07:40:03.862772,0.998,0.002,1.0
2025-12-11T07:40:04.525362,0.998,0.002,1.0
2025-12-11T07:40:05.181456,0.998,0.002,1.0
2025-12-11T07:40:05.878797,0.998,0.002,1.0
2025-12-11T07:40:04.956453,0.998,0.002,1.0
2025-12-11T07:40:05.608193,0.998,0.002,1.0
2025-12-11T07:40:06.593706,0.998,0.002,1.0
2025-12-11T07:40:07.302177,0.998,0.002,1.0
2025-12-11T07:40:08.642444,0.998,0.002,1.0
2025-12-11T07:40:09.720815,0.998,0.002,1.0
2025-12-11T07:40:10.971626,0.998,0.002,1.0
2025-12-11T07:40:12.033530,0.998,0.002,1.0
2025-12-11T07:40:12.696385,0.998,0.002,1.0
2025-12-11T07:40:13.348513,0.998,0.002,1.0
2025-12-11T07:40:13.992755,0.998,0.002,1.0
2025-12-11T07:40:14.638774,0.998,0.002,1.0
2025-12-11T07:40:15.292343,0.998,0.002,1.0
2025-12-11T07:40:15.949252,0.998,0.005,1.003
2025-12-11T07:40:16.614568,0.9955,0.0045,1.0
2025-12-11T07:40:17.253792,0.9955,0.0045,1.0
2025-12-11T07:40:17.924479,0.995,0.005,1.0
2025-12-11T07:40:18.589612,0.995,0.005,1.0
2025-12-11T07:40:19.226551,0.995,0.005,1.0
2025-12-11T07:40:19.903312,0.995,0.005,1.0
2025-12-11T07:40:20.558694,0.995,0.005,1.0
2025-12-11T07:40:21.202105,0.9945,0.0055,1.0
2025-12-11T07:40:21.863687,0.9945,0.0055,1.0
2025-12-11T07:40:22.524960,0.9945,0.0055,1.0
2025-12-11T07:40:23.179961,0.9945,0.0055,1.0
2025-12-11T07:40:23.833037,0.9945,0.0055,1.0
2025-12-11T07:40:24.472906,0.9945,0.0055,1.0
2025-12-11T07:40:25.121313,0.9945,0.0055,1.0
2025-12-11T07:40:25.769275,0.9945,0.0055,1.0
2025-12-11T07:40:26.423597,0.9945,0.0055,1.0
2025-12-11T07:40:27.068412,0.9945,0.0055,1.0
2025-12-11T07:40:27.708384,0.9945,0.0055,1.0
2025-12-11T07:40:28.345902,0.9945,0.0055,1.0
2025-12-11T07:40:28.970736,0.9945,0.0055,1.0
2025-12-11T07:40:29.620692,0.9945,0.0055,1.0
2025-12-11T07:40:30.252941,0.9945,0.0055,1.0
2025-12-11T07:40:30.891025,0.9945,0.0055,1.0
2025-12-11T07:40:31.524652,0.9945,0.0055,1.0
2025-12-11T07:40:32.157296,0.9945,0.0055,1.0
2025-12-11T07:40:32.803470,0.9995,0.0005,1.0
2025-12-11T07:40:33.446098,0.9995,0.0015,1.0010000000000001
2025-12-11T07:40:34.078229,0.9985,0.0015,1.0
2025-12-11T07:40:34.732159,0.9985,0.0015,1.0
2025-12-11T07:40:35.360511,0.9985,0.006,1.0045
2025-12-11T07:40:35.981179,0.994,0.006,1.0
2025-12-11T07:40:36.621732,0.994,0.006,1.0
2025-12-11T07:40:35.690467,0.994,0.006,1.0
2025-12-11T07:40:36.317597,0.994,0.006,1.0
2025-12-11T07:40:36.966686,0.9945,0.0055,1.0
2025-12-11T07:40:37.627178,0.9945,0.0055,1.0
2025-12-11T07:40:38.262781,0.9945,0.0055,1.0
2025-12-11T07:40:38.968295,0.9945,0.0055,1.0
2025-12-11T07:40:39.607644,0.9945,0.0055,1.0
2025-12-11T07:40:40.233586,0.9945,0.0055,1.0
2025-12-11T07:40:40.856931,0.9945,0.0055,1.0
2025-12-11T07:40:41.493567,0.9945,0.0055,1.0
2025-12-11T07:40:42.133178,0.9945,0.0055,1.0
2025-12-11T07:40:42.751862,0.9945,0.0055,1.0
2025-12-11T07:40:43.388008,0.9945,0.0055,1.0
2025-12-11T07:40:44.041160,0.9945,0.0055,1.0
2025-12-11T07:40:44.681619,0.9945,0.0055,1.0
2025-12-11T07:40:45.336452,0.9945,0.0055,1.0
2025-12-11T07:40:45.994327,0.9945,0.0055,1.0
2025-12-11T07:40:46.647440,0.9945,0.0055,1.0
2025-12-11T07:40:47.287324,0.9945,0.0055,1.0
2025-12-11T07:40:47.990034,0.9945,0.0055,1.0
2025-12-11T07:40:48.618988,0.9945,0.0055,1.0
2025-12-11T07:40:49.258956,0.9945,0.0055,1.0
2025-12-11T07:40:49.879283,0.9945,0.0055,1.0
2025-12-11T07:40:50.502108,0.9945,0.0055,1.0
2025-12-11T07:40:51.134770,0.9945,0.0055,1.0
2025-12-11T07:40:51.764986,0.9945,0.0055,1.0
2025-12-11T07:40:52.394593,0.9945,0.0055,1.0
2025-12-11T07:40:53.017295,0.9945,0.0055,1.0
2025-12-11T07:40:53.647203,0.9945,0.0055,1.0
2025-12-11T07:40:54.302061,0.9945,0.0055,1.0
2025-12-11T07:40:54.928963,0.9945,0.0055,1.0
2025-12-11T07:40:55.556042,0.9945,0.0055,1.0
2025-12-11T07:40:56.184233,0.9945,0.0055,1.0
2025-12-11T07:40:56.793091,0.9945,0.0055,1.0
2025-12-11T07:40:57.480837,0.9945,0.0055,1.0
2025-12-11T07:40:58.137463,0.9945,0.0055,1.0
2025-12-11T07:40:58.776986,0.9945,0.0055,1.0
2025-12-11T07:40:59.401434,0.9945,0.0055,1.0
2025-12-11T07:41:00.040868,0.9945,0.0055,1.0
2025-12-11T07:41:00.673477,0.9945,0.0055,1.0
2025-12-11T07:41:01.298635,0.9945,0.0055,1.0
2025-12-11T07:41:01.906920,0.9945,0.0055,1.0
2025-12-11T07:41:02.559605,0.9945,0.0055,1.0
2025-12-11T07:41:03.181812,0.9945,0.0055,1.0
2025-12-11T07:41:03.809412,0.9945,0.0055,1.0
2025-12-11T07:41:04.445527,0.9945,0.0055,1.0
2025-12-11T07:41:05.068964,0.9945,0.0055,1.0
2025-12-11T07:41:05.697653,0.9945,0.0055,1.0
2025-12-11T07:41:06.336893,0.9945,0.0055,1.0
2025-12-11T07:41:06.969366,0.9945,0.006,1.0005
2025-12-11T07:41:07.600151,0.994,0.006,1.0
2025-12-11T07:41:06.668866,0.994,0.006,1.0
2025-12-11T07:41:07.284118,0.994,0.006,1.0
2025-12-11T07:41:07.900948,0.994,0.006,1.0
2025-12-11T07:41:08.530628,0.994,0.006,1.0
2025-12-11T07:41:09.148152,0.994,0.006,1.0
2025-12-11T07:41:09.759199,0.994,0.006,1.0
2025-12-11T07:41:10.376894,0.994,0.006,1.0
2025-12-11T07:41:11.009969,0.994,0.0055,0.9994999999999999
2025-12-11T07:41:11.639882,0.9945,0.0055,1.0
2025-12-11T07:41:12.274788,0.9945,0.0055,1.0
2025-12-11T07:41:12.903019,0.9945,0.0055,1.0
2025-12-11T07:41:13.523459,0.9945,0.0055,1.0
2025-12-11T07:41:14.135760,0.9945,0.0055,1.0
2025-12-11T07:41:14.775133,0.9945,0.0055,1.0
2025-12-11T07:41:15.387451,0.9945,0.0055,1.0
2025-12-11T07:41:15.994830,0.9945,0.0055,1.0
2025-12-11T07:41:16.642227,0.9945,0.0055,1.0
2025-12-11T07:41:17.284548,0.9945,0.0055,1.0
2025-12-11T07:41:17.902829,0.9945,0.0055,1.0
2025-12-11T07:41:18.548074,0.9945,0.0055,1.0
2025-12-11T07:41:19.189499,0.9945,0.0055,1.0
2025-12-11T07:41:19.824687,0.9945,0.0055,1.0
2025-12-11T07:41:20.459214,0.9945,0.0055,1.0
2025-12-11T07:41:21.085163,0.9945,0.0055,1.0
2025-12-11T07:41:21.703078,0.9945,0.0055,1.0
2025-12-11T07:41:22.369998,0.9945,0.0055,1.0
2025-12-11T07:41:22.977658,0.9945,0.0055,1.0
2025-12-11T07:41:23.603955,0.9945,0.0055,1.0
2025-12-11T07:41:24.244863,0.9945,0.0055,1.0
2025-12-11T07:41:24.876354,0.9945,0.0055,1.0
2025-12-11T07:41:25.515243,0.9945,0.0055,1.0
2025-12-11T07:41:26.149570,0.994,0.006,1.0
2025-12-11T07:41:26.787562,0.994,0.006,1.0
2025-12-11T07:41:27.437365,0.994,0.006,1.0
2025-12-11T07:41:28.081162,0.994,0.006,1.0
2025-12-11T07:41:28.695763,0.994,0.006,1.0
2025-12-11T07:41:29.336241,0.994,0.006,1.0
2025-12-11T07:41:29.957934,0.994,0.006,1.0
2025-12-11T07:41:30.574467,0.994,0.006,1.0
2025-12-11T07:41:31.205664,0.994,0.006,1.0
2025-12-11T07:41:31.831542,0.994,0.006,1.0
2025-12-11T07:41:32.455050,0.994,0.006,1.0
2025-12-11T07:41:33.080902,0.994,0.006,1.0
2025-12-11T07:41:33.697941,0.994,0.006,1.0
2025-12-11T07:41:34.321950,0.994,0.006,1.0
2025-12-11T07:41:34.945018,0.994,0.006,1.0
2025-12-11T07:41:35.567264,0.994,0.006,1.0
2025-12-11T07:41:36.199295,0.994,0.006,1.0
2025-12-11T07:41:36.824059,0.994,0.006,1.0
2025-12-11T07:41:37.465636,0.994,0.006,1.0
2025-12-11T07:41:38.083549,0.994,0.006,1.0
2025-12-11T07:41:37.149488,0.994,0.006,1.0
2025-12-11T07:41:37.763760,0.994,0.006,1.0
2025-12-11T07:41:38.391058,0.994,0.006,1.0
2025-12-11T07:41:39.018706,0.994,0.006,1.0
2025-12-11T07:41:39.631933,0.994,0.006,1.0
2025-12-11T07:41:40.272128,0.994,0.006,1.0
2025-12-11T07:41:40.902116,0.994,0.006,1.0
2025-12-11T07:41:41.527354,0.994,0.006,1.0
2025-12-11T07:41:42.155641,0.994,0.006,1.0
2025-12-11T07:41:42.777242,0.994,0.006,1.0
2025-12-11T07:41:43.407431,0.994,0.006,1.0
2025-12-11T07:41:44.039488,0.994,0.006,1.0
2025-12-11T07:41:44.662890,0.994,0.006,1.0
2025-12-11T07:41:45.288689,0.994,0.006,1.0
2025-12-11T07:41:45.918714,0.994,0.006,1.0
2025-12-11T07:41:46.543078,0.994,0.006,1.0
2025-12-11T07:41:47.169382,0.994,0.006,1.0
2025-12-11T07:41:47.777986,0.994,0.006,1.0
2025-12-11T07:41:48.400702,0.994,0.006,1.0
2025-12-11T07:41:49.022031,0.994,0.006,1.0
2025-12-11T07:41:49.647965,0.994,0.006,1.0
2025-12-11T07:41:50.279184,0.994,0.006,1.0
2025-12-11T07:41:50.908176,0.994,0.006,1.0
2025-12-11T07:41:51.538613,0.994,0.006,1.0
2025-12-11T07:41:52.165292,0.994,0.006,1.0
2025-12-11T07:41:52.798405,0.994,0.006,1.0
2025-12-11T07:41:53.416753,0.994,0.006,1.0
2025-12-11T07:41:54.036676,0.994,0.006,1.0
2025-12-11T07:41:54.658856,0.994,0.006,1.0
2025-12-11T07:41:55.286983,0.994,0.006,1.0
2025-12-11T07:41:55.926986,0.994,0.006,1.0
2025-12-11T07:41:56.547800,0.994,0.006,1.0
2025-12-11T07:41:57.180404,0.994,0.006,1.0
2025-12-11T07:41:57.814976,0.994,0.006,1.0
2025-12-11T07:41:58.455913,0.994,0.006,1.0
2025-12-11T07:41:59.073555,0.994,0.006,1.0
2025-12-11T07:41:59.720608,0.994,0.006,1.0
2025-12-11T07:42:00.334712,0.994,0.006,1.0
2025-12-11T07:42:00.967853,0.994,0.006,1.0
2025-12-11T07:42:01.600513,0.994,0.006,1.0
2025-12-11T07:42:02.224477,0.994,0.006,1.0
2025-12-11T07:42:02.887078,0.994,0.006,1.0
2025-12-11T07:42:03.534601,0.994,0.006,1.0
2025-12-11T07:42:04.148767,0.994,0.006,1.0
2025-12-11T07:42:04.801885,0.994,0.006,1.0
2025-12-11T07:42:05.435377,0.994,0.006,1.0
2025-12-11T07:42:06.068905,0.994,0.006,1.0
2025-12-11T07:42:06.691333,0.994,0.006,1.0
2025-12-11T07:42:07.305897,0.994,0.006,1.0
2025-12-11T07:42:07.935130,0.994,0.006,1.0
2025-12-11T07:42:08.562684,0.994,0.006,1.0
2025-12-11T07:42:07.639173,0.994,0.006,1.0
2025-12-11T07:42:08.266333,0.994,0.006,1.0
2025-12-11T07:42:08.898740,0.994,0.006,1.0
2025-12-11T07:42:09.519580,0.994,0.006,1.0
2025-12-11T07:42:10.131667,0.994,0.006,1.0
2025-12-11T07:42:10.752449,0.994,0.006,1.0
2025-12-11T07:42:11.368399,0.994,0.006,1.0
2025-12-11T07:42:12.006759,0.994,0.006,1.0
2025-12-11T07:42:12.634062,0.994,0.006,1.0
2025-12-11T07:42:13.320144,0.994,0.006,1.0
2025-12-11T07:42:13.932820,0.994,0.006,1.0
2025-12-11T07:42:14.556437,0.994,0.006,1.0
2025-12-11T07:42:15.178504,0.994,0.006,1.0
2025-12-11T07:42:15.819575,0.994,0.006,1.0
2025-12-11T07:42:16.448458,0.994,0.006,1.0
2025-12-11T07:42:17.075689,0.994,0.006,1.0
2025-12-11T07:42:17.690744,0.994,0.006,1.0
2025-12-11T07:42:18.305516,0.994,0.006,1.0
2025-12-11T07:42:18.934342,0.994,0.006,1.0
2025-12-11T07:42:19.572074,0.994,0.006,1.0
2025-12-11T07:42:20.200457,0.994,0.006,1.0
2025-12-11T07:42:20.843666,0.994,0.006,1.0
2025-12-11T07:42:21.495572,0.994,0.006,1.0
2025-12-11T07:42:22.111149,0.994,0.006,1.0
2025-12-11T07:42:22.730875,0.994,0.006,1.0
2025-12-11T07:42:23.354868,0.994,0.006,1.0
2025-12-11T07:42:23.979704,0.994,0.006,1.0
2025-12-11T07:42:24.587219,0.994,0.006,1.0
2025-12-11T07:42:25.232915,0.994,0.006,1.0
2025-12-11T07:42:25.871865,0.994,0.006,1.0
2025-12-11T07:42:26.508430,0.994,0.006,1.0
2025-12-11T07:42:27.146837,0.994,0.006,1.0
2025-12-11T07:42:27.776507,0.994,0.006,1.0
2025-12-11T07:42:28.431196,0.994,0.006,1.0
2025-12-11T07:42:29.056279,0.994,0.006,1.0
2025-12-11T07:42:29.690419,0.994,0.006,1.0
2025-12-11T07:42:30.324839,0.994,0.006,1.0
2025-12-11T07:42:30.933325,0.994,0.006,1.0
2025-12-11T07:42:31.567000,0.994,0.006,1.0
2025-12-11T07:42:32.181826,0.994,0.006,1.0
2025-12-11T07:42:32.806744,0.994,0.006,1.0
2025-12-11T07:42:33.430499,0.994,0.006,1.0
2025-12-11T07:42:34.070313,0.994,0.006,1.0
2025-12-11T07:42:34.767444,0.994,0.006,1.0
2025-12-11T07:42:35.380660,0.994,0.006,1.0
2025-12-11T07:42:35.990327,0.994,0.006,1.0
2025-12-11T07:42:36.620080,0.994,0.006,1.0
2025-12-11T07:42:37.241878,0.994,0.006,1.0
2025-12-11T07:42:37.871155,0.994,0.006,1.0
2025-12-11T07:42:38.491951,0.994,0.006,1.0
2025-12-11T07:42:39.111499,0.994,0.006,1.0
2025-12-11T07:42:39.739855,0.994,0.006,1.0
2025-12-11T07:42:38.820505,0.994,0.006,1.0
2025-12-11T07:42:39.429198,0.994,0.006,1.0
2025-12-11T07:42:40.070890,0.994,0.006,1.0
2025-12-11T07:42:40.678996,0.994,0.006,1.0
2025-12-11T07:42:41.302466,0.994,0.006,1.0
2025-12-11T07:42:41.913021,0.994,0.006,1.0
2025-12-11T07:42:42.520936,0.994,0.006,1.0
2025-12-11T07:42:43.144200,0.994,0.006,1.0
2025-12-11T07:42:43.768146,0.994,0.006,1.0
2025-12-11T07:42:44.384441,0.994,0.0055,0.9994999999999999
2025-12-11T07:42:45.041239,0.9945,0.0055,1.0
2025-12-11T07:42:45.654852,0.9945,0.0055,1.0
2025-12-11T07:42:46.284530,0.9945,0.0055,1.0
2025-12-11T07:42:46.965476,0.9945,0.0055,1.0
2025-12-11T07:42:47.583809,0.9945,0.0055,1.0
2025-12-11T07:42:48.218626,0.9945,0.0055,1.0
2025-12-11T07:42:48.851351,0.9945,0.0055,1.0
2025-12-11T07:42:49.475838,0.9945,0.0055,1.0
2025-12-11T07:42:50.102394,0.9945,0.0055,1.0
2025-12-11T07:42:50.728891,0.9945,0.0055,1.0
2025-12-11T07:42:51.368441,0.9945,0.0055,1.0
2025-12-11T07:42:51.991227,0.9945,0.0055,1.0
2025-12-11T07:42:52.607228,0.9945,0.0055,1.0
2025-12-11T07:42:53.231633,0.9945,0.0055,1.0
2025-12-11T07:42:53.851206,0.9945,0.0055,1.0
2025-12-11T07:42:54.458217,0.9945,0.0055,1.0
2025-12-11T07:42:55.072762,0.9945,0.0055,1.0
2025-12-11T07:42:55.716990,0.9945,0.0055,1.0
2025-12-11T07:42:56.333426,0.9945,0.0055,1.0
2025-12-11T07:42:56.946782,0.9945,0.0055,1.0
2025-12-11T07:42:57.558943,0.9945,0.0055,1.0
2025-12-11T07:42:58.189264,0.9945,0.0055,1.0
2025-12-11T07:42:58.808474,0.9945,0.0055,1.0
2025-12-11T07:42:59.417273,0.9945,0.0055,1.0
2025-12-11T07:43:00.035086,0.9945,0.0055,1.0
2025-12-11T07:43:00.654461,0.9945,0.0055,1.0
2025-12-11T07:43:01.275216,0.9945,0.0055,1.0
2025-12-11T07:43:01.886524,0.9945,0.0055,1.0
2025-12-11T07:43:02.504155,0.9945,0.0055,1.0
2025-12-11T07:43:03.129419,0.9945,0.0055,1.0
2025-12-11T07:43:03.756451,0.9945,0.0055,1.0
2025-12-11T07:43:04.373930,0.9945,0.0055,1.0
2025-12-11T07:43:04.998394,0.9945,0.0055,1.0
2025-12-11T07:43:05.612621,0.9945,0.0055,1.0
2025-12-11T07:43:06.238350,0.9945,0.0055,1.0
2025-12-11T07:43:06.862187,0.9945,0.0055,1.0
2025-12-11T07:43:07.485170,0.9945,0.0055,1.0
2025-12-11T07:43:08.104549,0.9945,0.0055,1.0
2025-12-11T07:43:08.728771,0.9945,0.0055,1.0
2025-12-11T07:43:09.344076,0.9945,0.0055,1.0
2025-12-11T07:43:09.966653,0.9945,0.0055,1.0
2025-12-11T07:43:09.036931,0.9945,0.0055,1.0
2025-12-11T07:43:09.705422,0.9945,0.0055,1.0
2025-12-11T07:43:10.330142,0.9945,0.0055,1.0
2025-12-11T07:43:10.948201,0.9945,0.0055,1.0
2025-12-11T07:43:11.570480,0.9945,0.0055,1.0
2025-12-11T07:43:12.196856,0.9945,0.0055,1.0
2025-12-11T07:43:12.855580,0.9945,0.0055,1.0
2025-12-11T07:43:13.488571,0.994,0.006,1.0
2025-12-11T07:43:14.101439,0.994,0.006,1.0
2025-12-11T07:43:14.710092,0.994,0.006,1.0
2025-12-11T07:43:15.381437,0.994,0.006,1.0
2025-12-11T07:43:16.023921,0.994,0.006,1.0
2025-12-11T07:43:16.643094,0.994,0.006,1.0
2025-12-11T07:43:17.264405,0.994,0.006,1.0
2025-12-11T07:43:17.882263,0.994,0.006,1.0
2025-12-11T07:43:18.537525,0.994,0.006,1.0
2025-12-11T07:43:19.156907,0.994,0.006,1.0
2025-12-11T07:43:19.779328,0.994,0.006,1.0
2025-12-11T07:43:20.415125,0.994,0.006,1.0
2025-12-11T07:43:21.032047,0.994,0.006,1.0
2025-12-11T07:43:21.663966,0.994,0.006,1.0
2025-12-11T07:43:22.284517,0.994,0.006,1.0
2025-12-11T07:43:22.900178,0.994,0.006,1.0
2025-12-11T07:43:23.512992,0.994,0.006,1.0
2025-12-11T07:43:24.120752,0.994,0.006,1.0
2025-12-11T07:43:24.766276,0.994,0.006,1.0
2025-12-11T07:43:25.388616,0.994,0.006,1.0
2025-12-11T07:43:26.017357,0.994,0.006,1.0
2025-12-11T07:43:26.635165,0.994,0.006,1.0
2025-12-11T07:43:27.262204,0.994,0.006,1.0
2025-12-11T07:43:27.890504,0.994,0.006,1.0
2025-12-11T07:43:28.505327,0.994,0.006,1.0
2025-12-11T07:43:29.122333,0.994,0.006,1.0
2025-12-11T07:43:29.745140,0.994,0.006,1.0
2025-12-11T07:43:30.364957,0.994,0.006,1.0
2025-12-11T07:43:30.976938,0.994,0.006,1.0
2025-12-11T07:43:31.594175,0.994,0.006,1.0
2025-12-11T07:43:32.214315,0.994,0.006,1.0
2025-12-11T07:43:32.853956,0.9945,0.0055,1.0
2025-12-11T07:43:33.478990,0.9945,0.0055,1.0
2025-12-11T07:43:34.083502,0.9945,0.0055,1.0
2025-12-11T07:43:34.724366,0.9945,0.0055,1.0
2025-12-11T07:43:35.345169,0.9945,0.0055,1.0
2025-12-11T07:43:35.971989,0.9945,0.0055,1.0
2025-12-11T07:43:36.599165,0.9945,0.0055,1.0
2025-12-11T07:43:37.225926,0.9945,0.0055,1.0
2025-12-11T07:43:37.853603,0.9945,0.0055,1.0
2025-12-11T07:43:38.487172,0.9945,0.0055,1.0
2025-12-11T07:43:39.112444,0.9945,0.0055,1.0
2025-12-11T07:43:39.747975,0.9945,0.0055,1.0
2025-12-11T07:43:40.364844,0.9945,0.0055,1.0
2025-12-11T07:43:41.005468,0.9945,0.0055,1.0
2025-12-11T07:43:40.080213,0.9945,0.0055,1.0
2025-12-11T07:43:40.710949,0.9945,0.0055,1.0
2025-12-11T07:43:41.335502,0.9945,0.0055,1.0
2025-12-11T07:43:41.966817,0.9945,0.0055,1.0
2025-12-11T07:43:42.594523,0.9945,0.0055,1.0
2025-12-11T07:43:43.212477,0.9945,0.0055,1.0
2025-12-11T07:43:43.827331,0.9945,0.0055,1.0
2025-12-11T07:43:44.440220,0.9945,0.0055,1.0
2025-12-11T07:43:45.056808,0.9945,0.0055,1.0
2025-12-11T07:43:45.676615,0.9945,0.0055,1.0
2025-12-11T07:43:46.297235,0.9945,0.0055,1.0
2025-12-11T07:43:46.906363,0.9945,0.0055,1.0
2025-12-11T07:43:47.532289,0.9945,0.0055,1.0
2025-12-11T07:43:48.146689,0.9945,0.0055,1.0
2025-12-11T07:43:48.771753,0.9945,0.0055,1.0
2025-12-11T07:43:49.385221,0.9945,0.0055,1.0
2025-12-11T07:43:50.009273,0.9945,0.0055,1.0
2025-12-11T07:43:50.632115,0.9945,0.0055,1.0
2025-12-11T07:43:51.256422,0.9945,0.0055,1.0
2025-12-11T07:43:51.884474,0.9945,0.0055,1.0
2025-12-11T07:43:52.495648,0.9945,0.0055,1.0
2025-12-11T07:43:53.126650,0.9945,0.0055,1.0
2025-12-11T07:43:53.756861,0.9945,0.0055,1.0
2025-12-11T07:43:54.402453,0.9945,0.0055,1.0
2025-12-11T07:43:55.075873,0.9945,0.0055,1.0
2025-12-11T07:43:55.712276,0.9945,0.0055,1.0
2025-12-11T07:43:56.377007,0.9945,0.0055,1.0
2025-12-11T07:43:56.999837,0.9945,0.0055,1.0
2025-12-11T07:43:57.620863,0.9945,0.0055,1.0
2025-12-11T07:43:58.284923,0.9945,0.0055,1.0
2025-12-11T07:43:58.898557,0.9945,0.0055,1.0
2025-12-11T07:43:59.541330,0.9945,0.0055,1.0
2025-12-11T07:44:00.172805,0.9945,0.0055,1.0
2025-12-11T07:44:00.800339,0.9945,0.0055,1.0
2025-12-11T07:44:01.408039,0.9945,0.0055,1.0
2025-12-11T07:44:02.023447,0.9955,0.0045,1.0
2025-12-11T07:44:02.638052,0.9955,0.0045,1.0
2025-12-11T07:44:03.271914,0.9955,0.0045,1.0
2025-12-11T07:44:03.882511,0.9955,0.0045,1.0
2025-12-11T07:44:04.519747,0.9955,0.0045,1.0
2025-12-11T07:44:05.152574,0.9955,0.0045,1.0
2025-12-11T07:44:05.782289,0.9955,0.0045,1.0
2025-12-11T07:44:06.400251,0.9955,0.0045,1.0
2025-12-11T07:44:07.027556,0.9955,0.0045,1.0
2025-12-11T07:44:07.654128,0.9955,0.0045,1.0
2025-12-11T07:44:08.273459,0.9955,0.0045,1.0
2025-12-11T07:44:08.910488,0.9955,0.0045,1.0
2025-12-11T07:44:09.536371,0.9955,0.0045,1.0
2025-12-11T07:44:10.156638,0.9955,0.0045,1.0
2025-12-11T07:44:10.775539,0.9955,0.0045,1.0
2025-12-11T07:44:11.396086,0.9955,0.0045,1.0
2025-12-11T07:44:10.474357,0.9955,0.0045,1.0
2025-12-11T07:44:11.089287,0.9955,0.0045,1.0
2025-12-11T07:44:11.711277,0.9955,0.0045,1.0
2025-12-11T07:44:12.343316,0.9955,0.0045,1.0
2025-12-11T07:44:12.988458,0.9955,0.0045,1.0
2025-12-11T07:44:13.623751,0.9955,0.0045,1.0
2025-12-11T07:44:14.248673,0.9955,0.0045,1.0
2025-12-11T07:44:14.867341,0.9955,0.0045,1.0
2025-12-11T07:44:15.489517,0.9955,0.0045,1.0
2025-12-11T07:44:16.105077,0.9955,0.0045,1.0
2025-12-11T07:44:16.723112,0.9955,0.0045,1.0
2025-12-11T07:44:17.344653,0.9955,0.0045,1.0
2025-12-11T07:44:17.996060,0.9955,0.0045,1.0
2025-12-11T07:44:18.667231,0.9955,0.0045,1.0
2025-12-11T07:44:19.282459,0.9955,0.0045,1.0
2025-12-11T07:44:19.912159,0.9955,0.0045,1.0
2025-12-11T07:44:20.533005,0.9955,0.0045,1.0
2025-12-11T07:44:21.157539,0.9955,0.0045,1.0
2025-12-11T07:44:21.774012,0.9955,0.0045,1.0
2025-12-11T07:44:22.406932,0.9955,0.0045,1.0
2025-12-11T07:44:23.022209,0.9955,0.0045,1.0
2025-12-11T07:44:23.641247,0.9955,0.0045,1.0
2025-12-11T07:44:24.262881,0.9955,0.0045,1.0
2025-12-11T07:44:24.884488,0.9955,0.0045,1.0
2025-12-11T07:44:25.500370,0.9955,0.0045,1.0
2025-12-11T07:44:26.133754,0.9955,0.0045,1.0
2025-12-11T07:44:26.780467,0.9955,0.0045,1.0
2025-12-11T07:44:27.401930,0.9955,0.0045,1.0
2025-12-11T07:44:28.032563,0.9955,0.0045,1.0
2025-12-11T07:44:28.655912,0.9955,0.0045,1.0
2025-12-11T07:44:29.277271,0.9955,0.0045,1.0
2025-12-11T07:44:29.904785,0.9955,0.0045,1.0
2025-12-11T07:44:30.526053,0.9955,0.0045,1.0
2025-12-11T07:44:31.137553,0.9955,0.0045,1.0
2025-12-11T07:44:31.768587,0.9955,0.0045,1.0
2025-12-11T07:44:32.401675,0.9955,0.0045,1.0
2025-12-11T07:44:33.019513,0.9955,0.0045,1.0
2025-12-11T07:44:33.635592,0.9995,0.0005,1.0
2025-12-11T07:44:34.249283,0.9995,0.0005,1.0
2025-12-11T07:44:34.856451,0.9995,0.0005,1.0
2025-12-11T07:44:35.481880,0.9995,0.0005,1.0
2025-12-11T07:44:36.101236,0.9995,0.0005,1.0
2025-12-11T07:44:36.716738,0.9995,0.0005,1.0
2025-12-11T07:44:37.338544,0.9995,0.0005,1.0
2025-12-11T07:44:37.952591,0.9995,0.0005,1.0
2025-12-11T07:44:38.570729,0.9995,0.0005,1.0
2025-12-11T07:44:39.199644,0.9995,0.0005,1.0
2025-12-11T07:44:39.815815,0.9995,0.0005,1.0
2025-12-11T07:44:40.424229,0.9995,0.0005,1.0
2025-12-11T07:44:41.043534,0.9995,0.0005,1.0
2025-12-11T07:44:41.674228,0.9995,0.0005,1.0
2025-12-11T07:44:42.292775,0.9995,0.0005,1.0
2025-12-11T07:44:41.314634,0.9995,0.0005,1.0
2025-12-11T07:44:41.948053,0.9995,0.0005,1.0
2025-12-11T07:44:42.573018,0.9995,0.0005,1.0
2025-12-11T07:44:43.195200,0.9995,0.0005,1.0
2025-12-11T07:44:43.812807,0.9995,0.0005,1.0
2025-12-11T07:44:44.451506,0.9995,0.0005,1.0
2025-12-11T07:44:45.081879,0.9995,0.0005,1.0
2025-12-11T07:44:45.707051,0.9995,0.0005,1.0
2025-12-11T07:44:46.326347,0.9995,0.0005,1.0
2025-12-11T07:44:46.947258,0.9995,0.0005,1.0
2025-12-11T07:44:47.627978,0.9995,0.0005,1.0
2025-12-11T07:44:48.245515,0.9995,0.0005,1.0
2025-12-11T07:44:48.872702,0.9995,0.0005,1.0
2025-12-11T07:44:49.482597,0.9995,0.0005,1.0
2025-12-11T07:44:50.088927,0.9995,0.0005,1.0
2025-12-11T07:44:50.705221,0.9995,0.0005,1.0
2025-12-11T07:44:51.343197,0.9995,0.0005,1.0
2025-12-11T07:44:51.962878,0.9995,0.0005,1.0
2025-12-11T07:44:52.577077,0.9995,0.0005,1.0
2025-12-11T07:44:53.195856,0.9995,0.0005,1.0
2025-12-11T07:44:53.821608,0.9995,0.0005,1.0
2025-12-11T07:44:54.432996,0.9995,0.0005,1.0
2025-12-11T07:44:55.055796,0.9995,0.0005,1.0
2025-12-11T07:44:55.664321,0.9995,0.0005,1.0
2025-12-11T07:44:56.277253,0.9995,0.0005,1.0
2025-12-11T07:44:56.896879,0.9995,0.0005,1.0
2025-12-11T07:44:57.514066,0.9995,0.0005,1.0
2025-12-11T07:44:58.145308,0.9995,0.0005,1.0
2025-12-11T07:44:58.778653,0.9995,0.0005,1.0
2025-12-11T07:44:59.389978,0.9995,0.0005,1.0
2025-12-11T07:45:00.012052,0.9995,0.0005,1.0
2025-12-11T07:45:00.632509,0.9995,0.0005,1.0
2025-12-11T07:45:01.253514,0.9995,0.0005,1.0
2025-12-11T07:45:01.866284,0.9995,0.0005,1.0
2025-12-11T07:45:02.534513,0.9995,0.0005,1.0
2025-12-11T07:45:03.162669,0.9995,0.0005,1.0
2025-12-11T07:45:03.781747,0.9995,0.0005,1.0
2025-12-11T07:45:04.404384,0.9995,0.0005,1.0
2025-12-11T07:45:05.036332,0.9995,0.0005,1.0
2025-12-11T07:45:05.666433,0.9995,0.0005,1.0
2025-12-11T07:45:06.300786,0.9995,0.0005,1.0
2025-12-11T07:45:06.921811,0.9995,0.0005,1.0
2025-12-11T07:45:07.577043,0.9995,0.0005,1.0
2025-12-11T07:45:08.279287,0.9995,0.0005,1.0
2025-12-11T07:45:08.903744,0.9995,0.0005,1.0
2025-12-11T07:45:09.520312,0.9995,0.0005,1.0
2025-12-11T07:45:10.142055,0.9995,0.0005,1.0
2025-12-11T07:45:10.780437,0.9995,0.0005,1.0
2025-12-11T07:45:11.399878,0.9995,0.0005,1.0
2025-12-11T07:45:12.023236,0.9995,0.0005,1.0
2025-12-11T07:45:12.668540,0.9995,0.0005,1.0
2025-12-11T07:45:11.755153,0.9995,0.0005,1.0
2025-12-11T07:45:12.386851,0.9995,0.0005,1.0
2025-12-11T07:45:13.030849,0.9995,0.0005,1.0
2025-12-11T07:45:13.651455,0.9995,0.0005,1.0
2025-12-11T07:45:14.275768,0.9995,0.0005,1.0
2025-12-11T07:45:14.903182,0.9995,0.0005,1.0
2025-12-11T07:45:15.530262,0.9995,0.0005,1.0
2025-12-11T07:45:16.166008,0.9995,0.0005,1.0
2025-12-11T07:45:16.794549,0.9995,0.0005,1.0
2025-12-11T07:45:17.422167,0.9995,0.0005,1.0
2025-12-11T07:45:18.067024,0.9995,0.0005,1.0
2025-12-11T07:45:18.686332,0.9995,0.0005,1.0
2025-12-11T07:45:19.314316,0.9995,0.0005,1.0
2025-12-11T07:45:20.023092,0.9995,0.0005,1.0
2025-12-11T07:45:20.653933,0.9995,0.0005,1.0
2025-12-11T07:45:21.294943,0.9995,0.0005,1.0
2025-12-11T07:45:21.924352,0.9995,0.0005,1.0
2025-12-11T07:45:22.541910,0.9995,0.0005,1.0
2025-12-11T07:45:23.176570,0.9995,0.0005,1.0
2025-12-11T07:45:23.803088,0.9995,0.0005,1.0
2025-12-11T07:45:24.426869,0.9995,0.0005,1.0
2025-12-11T07:45:25.041430,0.9995,0.0005,1.0
2025-12-11T07:45:25.665845,0.9995,0.0005,1.0
2025-12-11T07:45:26.282221,0.9995,0.0005,1.0
2025-12-11T07:45:26.903557,0.9995,0.0005,1.0
2025-12-11T07:45:27.523094,0.9995,0.0005,1.0
2025-12-11T07:45:28.152741,0.9995,0.0005,1.0
2025-12-11T07:45:28.815348,0.9995,0.0005,1.0
2025-12-11T07:45:29.434658,0.9995,0.0005,1.0
2025-12-11T07:45:30.064452,0.9995,0.0005,1.0
2025-12-11T07:45:30.690844,0.9995,0.0005,1.0
2025-12-11T07:45:31.314399,0.9995,0.0005,1.0
2025-12-11T07:45:31.962128,0.9995,0.0005,1.0
2025-12-11T07:45:32.606810,0.9995,0.0005,1.0
2025-12-11T07:45:33.220571,0.9995,0.0005,1.0
2025-12-11T07:45:33.843682,0.9995,0.0005,1.0
2025-12-11T07:45:34.475246,0.9995,0.0005,1.0
2025-12-11T07:45:35.091527,0.9995,0.0005,1.0
2025-12-11T07:45:35.716417,0.9995,0.0005,1.0
2025-12-11T07:45:36.342395,0.9995,0.0005,1.0
2025-12-11T07:45:36.959095,0.9995,0.0005,1.0
2025-12-11T07:45:37.581146,0.9995,0.0005,1.0
2025-12-11T07:45:38.198508,0.9995,0.0005,1.0
2025-12-11T07:45:38.817383,0.9995,0.0005,1.0
2025-12-11T07:45:39.451734,0.9995,0.0005,1.0
2025-12-11T07:45:40.074875,0.9995,0.0005,1.0
2025-12-11T07:45:40.698049,0.9995,0.0005,1.0
2025-12-11T07:45:41.314467,0.9995,0.0005,1.0
2025-12-11T07:45:41.928811,0.9995,0.0005,1.0
2025-12-11T07:45:42.541981,0.9995,0.0005,1.0
2025-12-11T07:45:43.172326,0.9995,0.0005,1.0
2025-12-11T07:45:43.791248,0.9995,0.0005,1.0
2025-12-11T07:45:42.893128,0.9995,0.0005,1.0
2025-12-11T07:45:43.519395,0.9995,0.0005,1.0
2025-12-11T07:45:44.152283,0.9995,0.0005,1.0
2025-12-11T07:45:44.780413,0.9995,0.0005,1.0
2025-12-11T07:45:45.408087,0.9995,0.0005,1.0
2025-12-11T07:45:46.020184,0.9995,0.0005,1.0
2025-12-11T07:45:46.635820,0.9995,0.0005,1.0
2025-12-11T07:45:47.266101,0.9995,0.0005,1.0
2025-12-11T07:45:47.889260,0.9995,0.0005,1.0
2025-12-11T07:45:48.501465,0.9995,0.0005,1.0
2025-12-11T07:45:49.116895,0.9995,0.0005,1.0
2025-12-11T07:45:49.730018,0.9995,0.0005,1.0
2025-12-11T07:45:50.355098,0.9995,0.0005,1.0
2025-12-11T07:45:50.974852,0.9995,0.0005,1.0
2025-12-11T07:45:51.591478,0.9995,0.0005,1.0
2025-12-11T07:45:52.211400,0.9995,0.0005,1.0
2025-12-11T07:45:52.820585,0.9995,0.0005,1.0
2025-12-11T07:45:53.495114,0.9995,0.0005,1.0
2025-12-11T07:45:54.127418,0.9995,0.0005,1.0
2025-12-11T07:45:54.763005,0.9995,0.0005,1.0
2025-12-11T07:45:55.383020,0.9995,0.0005,1.0
2025-12-11T07:45:56.009643,0.9995,0.0005,1.0
2025-12-11T07:45:56.639826,0.9995,0.0005,1.0
2025-12-11T07:45:57.251674,0.9995,0.0005,1.0
2025-12-11T07:45:57.876993,0.9995,0.0005,1.0
2025-12-11T07:45:58.506179,0.9995,0.0005,1.0
2025-12-11T07:45:59.129288,0.9995,0.0005,1.0
2025-12-11T07:45:59.753887,0.9995,0.0005,1.0
