timestamp,price_yes,price_no,sum_prices
2025-12-11T03:16:00.794681,0.635,0.365,1.0
2025-12-11T03:16:01.404696,0.635,0.365,1.0
2025-12-11T03:16:02.001260,0.625,0.375,1.0
2025-12-11T03:16:02.597163,0.615,0.39,1.005
2025-12-11T03:16:01.604453,0.61,0.39,1.0
2025-12-11T03:16:02.213764,0.605,0.395,1.0
2025-12-11T03:16:02.822499,0.595,0.405,1.0
2025-12-11T03:16:03.429022,0.585,0.42,1.005
2025-12-11T03:16:04.038758,0.575,0.425,1.0
2025-12-11T03:16:04.651504,0.565,0.44,1.005
2025-12-11T03:16:05.256300,0.545,0.455,1.0
2025-12-11T03:16:05.867347,0.545,0.455,1.0
2025-12-11T03:16:06.478570,0.555,0.445,1.0
2025-12-11T03:16:07.100897,0.545,0.455,1.0
2025-12-11T03:16:07.711300,0.545,0.455,1.0
2025-12-11T03:16:08.321601,0.55,0.45,1.0
2025-12-11T03:16:08.932743,0.545,0.455,1.0
2025-12-11T03:16:09.532931,0.52,0.485,1.005
2025-12-11T03:16:10.135054,0.51,0.49,1.0
2025-12-11T03:16:10.745065,0.505,0.495,1.0
2025-12-11T03:16:11.358165,0.505,0.495,1.0
2025-12-11T03:16:11.967519,0.505,0.495,1.0
2025-12-11T03:16:12.575717,0.495,0.505,1.0
2025-12-11T03:16:13.186052,0.5,0.505,1.005
2025-12-11T03:16:13.788136,0.5,0.5,1.0
2025-12-11T03:16:14.397179,0.505,0.495,1.0
2025-12-11T03:16:15.010144,0.505,0.495,1.0
2025-12-11T03:16:15.618577,0.495,0.505,1.0
2025-12-11T03:16:16.230274,0.495,0.505,1.0
2025-12-11T03:16:16.842138,0.5,0.5,1.0
2025-12-11T03:16:17.453061,0.5,0.5,1.0
2025-12-11T03:16:18.056561,0.5,0.5,1.0
2025-12-11T03:16:18.674378,0.505,0.495,1.0
2025-12-11T03:16:19.283531,0.5,0.5,1.0
2025-12-11T03:16:19.915093,0.495,0.505,1.0
2025-12-11T03:16:20.532419,0.505,0.495,1.0
2025-12-11T03:16:21.150057,0.495,0.505,1.0
2025-12-11T03:16:21.764903,0.485,0.515,1.0
2025-12-11T03:16:22.387459,0.485,0.515,1.0
2025-12-11T03:16:22.996265,0.485,0.515,1.0
2025-12-11T03:16:23.616636,0.49,0.51,1.0
2025-12-11T03:16:24.226078,0.485,0.515,1.0
2025-12-11T03:16:24.832851,0.495,0.495,0.99
2025-12-11T03:16:25.452314,0.505,0.495,1.0
2025-12-11T03:16:26.056002,0.505,0.495,1.0
2025-12-11T03:16:26.662504,0.535,0.465,1.0
2025-12-11T03:16:27.273508,0.52,0.49,1.01
2025-12-11T03:16:27.883287,0.5,0.5,1.0
2025-12-11T03:16:28.483707,0.5,0.5,1.0
2025-12-11T03:16:29.076815,0.495,0.505,1.0
2025-12-11T03:16:29.685632,0.495,0.505,1.0
2025-12-11T03:16:30.283915,0.495,0.505,1.0
2025-12-11T03:16:30.893138,0.495,0.505,1.0
2025-12-11T03:16:31.504537,0.495,0.505,1.0
2025-12-11T03:16:32.124991,0.505,0.495,1.0
2025-12-11T03:16:32.741780,0.51,0.495,1.005
2025-12-11T03:16:33.351423,0.5,0.5,1.0
2025-12-11T03:16:32.364167,0.5,0.5,1.0
2025-12-11T03:16:32.972704,0.5,0.5,1.0
2025-12-11T03:16:33.572344,0.5,0.5,1.0
2025-12-11T03:16:34.189115,0.505,0.495,1.0
2025-12-11T03:16:34.799750,0.505,0.495,1.0
2025-12-11T03:16:35.417557,0.505,0.495,1.0
2025-12-11T03:16:36.032353,0.505,0.495,1.0
2025-12-11T03:16:36.639817,0.505,0.495,1.0
2025-12-11T03:16:37.247486,0.515,0.485,1.0
2025-12-11T03:16:37.859080,0.515,0.485,1.0
2025-12-11T03:16:38.466872,0.51,0.485,0.995
2025-12-11T03:16:39.067390,0.505,0.495,1.0
2025-12-11T03:16:39.693001,0.505,0.495,1.0
2025-12-11T03:16:40.313061,0.495,0.505,1.0
2025-12-11T03:16:40.924022,0.495,0.505,1.0
2025-12-11T03:16:41.533556,0.495,0.505,1.0
2025-12-11T03:16:42.151581,0.485,0.515,1.0
2025-12-11T03:16:42.753513,0.48,0.525,1.005
2025-12-11T03:16:43.357878,0.47,0.53,1.0
2025-12-11T03:16:43.966397,0.465,0.535,1.0
2025-12-11T03:16:44.572948,0.455,0.545,1.0
2025-12-11T03:16:45.188722,0.455,0.545,1.0
2025-12-11T03:16:45.803562,0.445,0.555,1.0
2025-12-11T03:16:46.413442,0.435,0.565,1.0
2025-12-11T03:16:47.025610,0.435,0.565,1.0
2025-12-11T03:16:47.632946,0.445,0.555,1.0
2025-12-11T03:16:48.248790,0.445,0.555,1.0
2025-12-11T03:16:48.862342,0.445,0.555,1.0
2025-12-11T03:16:49.470819,0.445,0.555,1.0
2025-12-11T03:16:50.082277,0.435,0.565,1.0
2025-12-11T03:16:50.693114,0.425,0.575,1.0
2025-12-11T03:16:51.302140,0.425,0.575,1.0
2025-12-11T03:16:51.924699,0.43,0.57,1.0
2025-12-11T03:16:52.541463,0.425,0.575,1.0
2025-12-11T03:16:53.159148,0.415,0.585,1.0
2025-12-11T03:16:53.761952,0.415,0.585,1.0
2025-12-11T03:16:54.373356,0.42,0.575,0.9949999999999999
2025-12-11T03:16:54.990690,0.425,0.58,1.005
2025-12-11T03:16:55.600818,0.415,0.585,1.0
2025-12-11T03:16:56.216372,0.415,0.585,1.0
2025-12-11T03:16:56.830385,0.405,0.595,1.0
2025-12-11T03:16:57.441099,0.405,0.595,1.0
2025-12-11T03:16:58.056173,0.405,0.595,1.0
2025-12-11T03:16:58.670658,0.405,0.595,1.0
2025-12-11T03:16:59.291797,0.405,0.595,1.0
2025-12-11T03:16:59.893969,0.42,0.58,1.0
2025-12-11T03:17:00.494036,0.415,0.585,1.0
2025-12-11T03:17:01.124274,0.415,0.59,1.005
2025-12-11T03:17:01.732187,0.415,0.585,1.0
2025-12-11T03:17:02.345721,0.415,0.585,1.0
2025-12-11T03:17:02.956653,0.415,0.585,1.0
2025-12-11T03:17:03.574432,0.385,0.615,1.0
2025-12-11T03:17:04.183380,0.385,0.615,1.0
2025-12-11T03:17:03.178081,0.41,0.59,1.0
2025-12-11T03:17:03.828437,0.44,0.56,1.0
2025-12-11T03:17:04.442217,0.45,0.545,0.9950000000000001
2025-12-11T03:17:05.052005,0.455,0.555,1.01
2025-12-11T03:17:05.663135,0.41,0.59,1.0
2025-12-11T03:17:06.280245,0.415,0.58,0.9949999999999999
2025-12-11T03:17:06.884773,0.415,0.585,1.0
2025-12-11T03:17:07.500828,0.43,0.565,0.9949999999999999
2025-12-11T03:17:08.113440,0.435,0.565,1.0
2025-12-11T03:17:08.716334,0.42,0.58,1.0
2025-12-11T03:17:09.326231,0.415,0.585,1.0
2025-12-11T03:17:09.935490,0.42,0.58,1.0
2025-12-11T03:17:10.542984,0.435,0.565,1.0
2025-12-11T03:17:11.150872,0.445,0.555,1.0
2025-12-11T03:17:11.762700,0.455,0.545,1.0
2025-12-11T03:17:12.370229,0.455,0.545,1.0
2025-12-11T03:17:12.975502,0.465,0.535,1.0
2025-12-11T03:17:13.589836,0.475,0.525,1.0
2025-12-11T03:17:14.201074,0.485,0.515,1.0
2025-12-11T03:17:14.794144,0.495,0.505,1.0
2025-12-11T03:17:15.399962,0.505,0.495,1.0
2025-12-11T03:17:16.013146,0.505,0.495,1.0
2025-12-11T03:17:16.622406,0.505,0.495,1.0
2025-12-11T03:17:17.276509,0.515,0.485,1.0
2025-12-11T03:17:17.891568,0.525,0.475,1.0
2025-12-11T03:17:18.517498,0.525,0.475,1.0
2025-12-11T03:17:19.153989,0.525,0.475,1.0
2025-12-11T03:17:19.774830,0.545,0.455,1.0
2025-12-11T03:17:20.384000,0.54,0.465,1.0050000000000001
2025-12-11T03:17:20.992218,0.53,0.47,1.0
2025-12-11T03:17:21.604153,0.525,0.475,1.0
2025-12-11T03:17:22.213196,0.515,0.485,1.0
2025-12-11T03:17:22.812739,0.515,0.495,1.01
2025-12-11T03:17:23.414295,0.495,0.515,1.01
2025-12-11T03:17:24.021401,0.485,0.52,1.005
2025-12-11T03:17:24.633089,0.485,0.515,1.0
2025-12-11T03:17:25.240552,0.485,0.515,1.0
2025-12-11T03:17:25.842616,0.485,0.515,1.0
2025-12-11T03:17:26.453317,0.485,0.515,1.0
2025-12-11T03:17:27.090786,0.475,0.525,1.0
2025-12-11T03:17:27.703827,0.465,0.535,1.0
2025-12-11T03:17:28.314624,0.465,0.535,1.0
2025-12-11T03:17:28.929423,0.475,0.525,1.0
2025-12-11T03:17:29.529776,0.465,0.535,1.0
2025-12-11T03:17:30.141202,0.455,0.545,1.0
2025-12-11T03:17:30.761668,0.445,0.555,1.0
2025-12-11T03:17:31.372032,0.435,0.565,1.0
2025-12-11T03:17:31.981079,0.425,0.575,1.0
2025-12-11T03:17:32.595377,0.415,0.585,1.0
2025-12-11T03:17:33.206932,0.41,0.59,1.0
2025-12-11T03:17:33.812997,0.405,0.595,1.0
2025-12-11T03:17:34.425830,0.4,0.6,1.0
2025-12-11T03:17:35.039662,0.395,0.605,1.0
2025-12-11T03:17:34.077060,0.39,0.615,1.005
2025-12-11T03:17:34.690029,0.405,0.595,1.0
2025-12-11T03:17:35.297696,0.415,0.585,1.0
2025-12-11T03:17:35.911838,0.4,0.605,1.005
2025-12-11T03:17:36.518190,0.395,0.615,1.01
2025-12-11T03:17:37.131538,0.385,0.615,1.0
2025-12-11T03:17:37.741024,0.385,0.615,1.0
2025-12-11T03:17:38.340892,0.385,0.605,0.99
2025-12-11T03:17:38.956192,0.385,0.615,1.0
2025-12-11T03:17:39.570244,0.4,0.605,1.005
2025-12-11T03:17:40.186665,0.385,0.615,1.0
2025-12-11T03:17:40.794699,0.385,0.62,1.005
2025-12-11T03:17:41.413967,0.38,0.62,1.0
2025-12-11T03:17:42.043438,0.375,0.625,1.0
2025-12-11T03:17:42.649398,0.385,0.615,1.0
2025-12-11T03:17:43.264248,0.385,0.615,1.0
2025-12-11T03:17:43.877647,0.385,0.615,1.0
2025-12-11T03:17:44.485173,0.375,0.625,1.0
2025-12-11T03:17:45.098306,0.385,0.615,1.0
2025-12-11T03:17:45.718206,0.375,0.625,1.0
2025-12-11T03:17:46.329287,0.375,0.62,0.995
2025-12-11T03:17:46.940211,0.375,0.625,1.0
2025-12-11T03:17:47.552900,0.365,0.635,1.0
2025-12-11T03:17:48.161468,0.37,0.63,1.0
2025-12-11T03:17:48.753043,0.37,0.63,1.0
2025-12-11T03:17:49.355501,0.38,0.62,1.0
2025-12-11T03:17:49.967580,0.375,0.625,1.0
2025-12-11T03:17:50.576060,0.385,0.615,1.0
2025-12-11T03:17:51.193156,0.385,0.615,1.0
2025-12-11T03:17:51.806253,0.385,0.615,1.0
2025-12-11T03:17:52.418972,0.385,0.615,1.0
2025-12-11T03:17:53.019841,0.385,0.615,1.0
2025-12-11T03:17:53.641826,0.375,0.625,1.0
2025-12-11T03:17:54.250328,0.375,0.625,1.0
2025-12-11T03:17:54.864177,0.37,0.63,1.0
2025-12-11T03:17:55.477378,0.375,0.625,1.0
2025-12-11T03:17:56.080627,0.375,0.615,0.99
2025-12-11T03:17:56.693040,0.385,0.615,1.0
2025-12-11T03:17:57.343657,0.385,0.615,1.0
2025-12-11T03:17:57.964379,0.385,0.615,1.0
2025-12-11T03:17:58.574573,0.385,0.615,1.0
2025-12-11T03:17:59.175502,0.38,0.62,1.0
2025-12-11T03:17:59.799554,0.375,0.625,1.0
2025-12-11T03:18:00.410489,0.375,0.625,1.0
2025-12-11T03:18:01.028302,0.375,0.625,1.0
2025-12-11T03:18:01.635150,0.38,0.615,0.995
2025-12-11T03:18:02.245581,0.385,0.615,1.0
2025-12-11T03:18:02.856679,0.38,0.62,1.0
2025-12-11T03:18:03.459129,0.375,0.625,1.0
2025-12-11T03:18:04.065014,0.365,0.635,1.0
2025-12-11T03:18:04.674690,0.355,0.645,1.0
2025-12-11T03:18:05.277368,0.355,0.645,1.0
2025-12-11T03:18:04.302622,0.355,0.645,1.0
2025-12-11T03:18:04.914077,0.355,0.645,1.0
2025-12-11T03:18:05.527231,0.355,0.645,1.0
2025-12-11T03:18:06.152714,0.355,0.645,1.0
2025-12-11T03:18:06.765601,0.345,0.655,1.0
2025-12-11T03:18:07.370731,0.345,0.65,0.995
2025-12-11T03:18:07.961968,0.355,0.64,0.995
2025-12-11T03:18:08.569266,0.355,0.645,1.0
2025-12-11T03:18:09.219907,0.345,0.655,1.0
2025-12-11T03:18:09.830398,0.34,0.66,1.0
2025-12-11T03:18:10.445161,0.335,0.665,1.0
2025-12-11T03:18:11.052728,0.345,0.65,0.995
2025-12-11T03:18:11.728827,0.355,0.645,1.0
2025-12-11T03:18:12.335039,0.325,0.675,1.0
2025-12-11T03:18:12.947578,0.325,0.675,1.0
2025-12-11T03:18:13.543484,0.315,0.685,1.0
2025-12-11T03:18:14.155586,0.305,0.695,1.0
2025-12-11T03:18:14.765363,0.305,0.695,1.0
2025-12-11T03:18:15.378381,0.31,0.69,1.0
2025-12-11T03:18:15.990319,0.32,0.675,0.9950000000000001
2025-12-11T03:18:16.599443,0.325,0.675,1.0
2025-12-11T03:18:17.213519,0.325,0.675,1.0
2025-12-11T03:18:17.816752,0.33,0.675,1.0050000000000001
2025-12-11T03:18:18.425339,0.305,0.695,1.0
2025-12-11T03:18:19.032885,0.305,0.695,1.0
2025-12-11T03:18:19.662869,0.3,0.7,1.0
2025-12-11T03:18:20.272370,0.295,0.705,1.0
2025-12-11T03:18:20.882643,0.285,0.715,1.0
2025-12-11T03:18:21.497034,0.295,0.705,1.0
2025-12-11T03:18:22.113519,0.295,0.705,1.0
2025-12-11T03:18:22.724657,0.295,0.695,0.99
2025-12-11T03:18:23.335112,0.305,0.695,1.0
2025-12-11T03:18:23.953372,0.305,0.695,1.0
2025-12-11T03:18:24.575801,0.305,0.695,1.0
2025-12-11T03:18:25.187108,0.3,0.705,1.005
2025-12-11T03:18:25.802091,0.295,0.705,1.0
2025-12-11T03:18:26.412687,0.295,0.705,1.0
2025-12-11T03:18:27.029820,0.295,0.705,1.0
2025-12-11T03:18:27.624411,0.295,0.705,1.0
2025-12-11T03:18:28.233425,0.295,0.705,1.0
2025-12-11T03:18:28.831113,0.295,0.705,1.0
2025-12-11T03:18:29.466060,0.3,0.7,1.0
2025-12-11T03:18:30.074469,0.305,0.695,1.0
2025-12-11T03:18:30.691944,0.31,0.69,1.0
2025-12-11T03:18:31.305435,0.31,0.69,1.0
2025-12-11T03:18:31.919047,0.305,0.695,1.0
2025-12-11T03:18:32.543289,0.305,0.695,1.0
2025-12-11T03:18:33.153601,0.305,0.695,1.0
2025-12-11T03:18:33.764909,0.295,0.71,1.005
2025-12-11T03:18:34.382618,0.285,0.715,1.0
2025-12-11T03:18:34.998980,0.29,0.71,1.0
2025-12-11T03:18:35.612439,0.295,0.705,1.0
2025-12-11T03:18:36.222234,0.29,0.71,1.0
2025-12-11T03:18:35.240964,0.285,0.715,1.0
2025-12-11T03:18:35.854708,0.28,0.72,1.0
2025-12-11T03:18:36.504269,0.275,0.725,1.0
2025-12-11T03:18:37.118583,0.27,0.73,1.0
2025-12-11T03:18:37.720340,0.29,0.71,1.0
2025-12-11T03:18:38.341106,0.28,0.72,1.0
2025-12-11T03:18:38.954807,0.275,0.74,1.0150000000000001
2025-12-11T03:18:39.564841,0.255,0.745,1.0
2025-12-11T03:18:40.180967,0.26,0.74,1.0
2025-12-11T03:18:40.790156,0.25,0.755,1.005
2025-12-11T03:18:41.408662,0.245,0.755,1.0
2025-12-11T03:18:42.021058,0.245,0.755,1.0
2025-12-11T03:18:42.633800,0.245,0.755,1.0
2025-12-11T03:18:43.246113,0.235,0.765,1.0
2025-12-11T03:18:43.862696,0.225,0.775,1.0
2025-12-11T03:18:44.483387,0.23,0.77,1.0
2025-12-11T03:18:45.104292,0.245,0.755,1.0
2025-12-11T03:18:45.719229,0.245,0.765,1.01
2025-12-11T03:18:46.336731,0.23,0.77,1.0
2025-12-11T03:18:46.945434,0.235,0.755,0.99
2025-12-11T03:18:47.554268,0.245,0.755,1.0
2025-12-11T03:18:48.163771,0.245,0.755,1.0
2025-12-11T03:18:48.778082,0.23,0.775,1.0050000000000001
2025-12-11T03:18:49.393087,0.23,0.77,1.0
2025-12-11T03:18:50.007885,0.21,0.79,1.0
2025-12-11T03:18:50.624710,0.21,0.79,1.0
2025-12-11T03:18:51.233287,0.21,0.79,1.0
2025-12-11T03:18:51.845241,0.215,0.78,0.995
2025-12-11T03:18:52.457178,0.21,0.79,1.0
2025-12-11T03:18:53.068371,0.21,0.795,1.0050000000000001
2025-12-11T03:18:53.686885,0.205,0.795,1.0
2025-12-11T03:18:54.291624,0.205,0.795,1.0
2025-12-11T03:18:54.900839,0.21,0.79,1.0
2025-12-11T03:18:55.516870,0.235,0.765,1.0
2025-12-11T03:18:56.124728,0.235,0.765,1.0
2025-12-11T03:18:56.734634,0.235,0.765,1.0
2025-12-11T03:18:57.348198,0.235,0.765,1.0
2025-12-11T03:18:57.963438,0.235,0.775,1.01
2025-12-11T03:18:58.577665,0.215,0.785,1.0
2025-12-11T03:18:59.197092,0.215,0.785,1.0
2025-12-11T03:18:59.809401,0.215,0.785,1.0
2025-12-11T03:19:00.418393,0.225,0.78,1.0050000000000001
2025-12-11T03:19:01.032806,0.23,0.77,1.0
2025-12-11T03:19:01.640748,0.25,0.75,1.0
2025-12-11T03:19:02.248172,0.235,0.765,1.0
2025-12-11T03:19:02.857058,0.225,0.775,1.0
2025-12-11T03:19:03.468823,0.225,0.775,1.0
2025-12-11T03:19:04.075580,0.235,0.765,1.0
2025-12-11T03:19:04.678232,0.245,0.755,1.0
2025-12-11T03:19:05.297276,0.225,0.775,1.0
2025-12-11T03:19:05.902968,0.24,0.76,1.0
2025-12-11T03:19:06.516530,0.24,0.76,1.0
2025-12-11T03:19:05.536509,0.24,0.76,1.0
2025-12-11T03:19:06.139038,0.245,0.755,1.0
2025-12-11T03:19:06.746381,0.265,0.725,0.99
2025-12-11T03:19:07.350984,0.275,0.725,1.0
2025-12-11T03:19:07.964964,0.275,0.725,1.0
2025-12-11T03:19:08.569482,0.275,0.725,1.0
2025-12-11T03:19:09.171967,0.275,0.73,1.005
2025-12-11T03:19:09.779046,0.275,0.725,1.0
2025-12-11T03:19:10.402838,0.295,0.705,1.0
2025-12-11T03:19:11.016732,0.28,0.72,1.0
2025-12-11T03:19:11.624773,0.28,0.72,1.0
2025-12-11T03:19:12.225345,0.28,0.72,1.0
2025-12-11T03:19:12.837680,0.29,0.71,1.0
2025-12-11T03:19:13.436222,0.3,0.7,1.0
2025-12-11T03:19:14.037143,0.29,0.715,1.005
2025-12-11T03:19:14.644699,0.28,0.72,1.0
2025-12-11T03:19:15.244878,0.28,0.715,0.995
2025-12-11T03:19:15.844961,0.295,0.705,1.0
2025-12-11T03:19:16.453923,0.295,0.705,1.0
2025-12-11T03:19:17.064889,0.295,0.705,1.0
2025-12-11T03:19:17.689928,0.31,0.69,1.0
2025-12-11T03:19:18.290723,0.305,0.695,1.0
2025-12-11T03:19:18.899612,0.29,0.71,1.0
2025-12-11T03:19:19.503906,0.29,0.71,1.0
2025-12-11T03:19:20.111785,0.29,0.71,1.0
2025-12-11T03:19:20.720162,0.285,0.715,1.0
2025-12-11T03:19:21.372170,0.29,0.71,1.0
2025-12-11T03:19:21.975064,0.31,0.69,1.0
2025-12-11T03:19:22.581213,0.315,0.685,1.0
2025-12-11T03:19:23.190713,0.315,0.685,1.0
2025-12-11T03:19:23.799880,0.325,0.675,1.0
2025-12-11T03:19:24.410463,0.355,0.645,1.0
2025-12-11T03:19:25.039958,0.355,0.635,0.99
2025-12-11T03:19:25.644680,0.375,0.62,0.995
2025-12-11T03:19:26.254451,0.385,0.615,1.0
2025-12-11T03:19:26.864608,0.365,0.635,1.0
2025-12-11T03:19:27.468861,0.375,0.625,1.0
2025-12-11T03:19:28.071666,0.375,0.615,0.99
2025-12-11T03:19:28.697558,0.385,0.615,1.0
2025-12-11T03:19:29.299806,0.38,0.62,1.0
2025-12-11T03:19:29.907282,0.395,0.605,1.0
2025-12-11T03:19:30.523264,0.43,0.565,0.9949999999999999
2025-12-11T03:19:31.130519,0.45,0.55,1.0
2025-12-11T03:19:31.772367,0.455,0.545,1.0
2025-12-11T03:19:32.376314,0.465,0.535,1.0
2025-12-11T03:19:32.983101,0.49,0.51,1.0
2025-12-11T03:19:33.588975,0.465,0.535,1.0
2025-12-11T03:19:34.197031,0.455,0.555,1.01
2025-12-11T03:19:34.806220,0.43,0.57,1.0
2025-12-11T03:19:35.421837,0.425,0.575,1.0
2025-12-11T03:19:36.029845,0.425,0.565,0.99
2025-12-11T03:19:36.641213,0.43,0.57,1.0
2025-12-11T03:19:37.237107,0.425,0.575,1.0
2025-12-11T03:19:36.247788,0.415,0.575,0.99
2025-12-11T03:19:36.851838,0.425,0.575,1.0
2025-12-11T03:19:37.457621,0.455,0.545,1.0
2025-12-11T03:19:38.076426,0.465,0.54,1.0050000000000001
2025-12-11T03:19:38.681822,0.465,0.53,0.9950000000000001
2025-12-11T03:19:39.292417,0.485,0.515,1.0
2025-12-11T03:19:39.908982,0.485,0.515,1.0
2025-12-11T03:19:40.517835,0.505,0.495,1.0
2025-12-11T03:19:41.129626,0.5,0.495,0.995
2025-12-11T03:19:41.724499,0.51,0.475,0.985
2025-12-11T03:19:42.336965,0.525,0.47,0.995
2025-12-11T03:19:42.943155,0.535,0.465,1.0
2025-12-11T03:19:43.553109,0.53,0.47,1.0
2025-12-11T03:19:44.157332,0.555,0.445,1.0
2025-12-11T03:19:44.766669,0.56,0.44,1.0
2025-12-11T03:19:45.370316,0.565,0.445,1.01
2025-12-11T03:19:45.973797,0.555,0.445,1.0
2025-12-11T03:19:46.576372,0.585,0.41,0.9949999999999999
2025-12-11T03:19:47.181505,0.575,0.425,1.0
2025-12-11T03:19:47.789590,0.555,0.455,1.01
2025-12-11T03:19:48.392938,0.545,0.455,1.0
2025-12-11T03:19:49.258272,0.545,0.455,1.0
2025-12-11T03:19:49.861329,0.545,0.455,1.0
2025-12-11T03:19:50.471093,0.555,0.445,1.0
2025-12-11T03:19:51.089936,0.57,0.425,0.9949999999999999
2025-12-11T03:19:51.690779,0.57,0.43,1.0
2025-12-11T03:19:52.301053,0.57,0.43,1.0
2025-12-11T03:19:52.907551,0.575,0.425,1.0
2025-12-11T03:19:53.499608,0.555,0.445,1.0
2025-12-11T03:19:54.103695,0.555,0.43,0.9850000000000001
2025-12-11T03:19:54.717750,0.57,0.43,1.0
2025-12-11T03:19:55.321760,0.585,0.415,1.0
2025-12-11T03:19:55.928197,0.585,0.415,1.0
2025-12-11T03:19:56.534417,0.58,0.425,1.005
2025-12-11T03:19:57.142159,0.575,0.425,1.0
2025-12-11T03:19:57.740051,0.56,0.445,1.0050000000000001
2025-12-11T03:19:58.345577,0.545,0.455,1.0
2025-12-11T03:19:58.948459,0.555,0.445,1.0
2025-12-11T03:19:59.569223,0.555,0.445,1.0
2025-12-11T03:20:00.180312,0.54,0.46,1.0
2025-12-11T03:20:00.792192,0.54,0.46,1.0
2025-12-11T03:20:01.405271,0.535,0.465,1.0
2025-12-11T03:20:02.072186,0.515,0.485,1.0
2025-12-11T03:20:02.784151,0.505,0.495,1.0
2025-12-11T03:20:03.407383,0.525,0.475,1.0
2025-12-11T03:20:04.011794,0.525,0.475,1.0
2025-12-11T03:20:04.624774,0.53,0.47,1.0
2025-12-11T03:20:05.234595,0.53,0.47,1.0
2025-12-11T03:20:05.849476,0.525,0.475,1.0
2025-12-11T03:20:06.475654,0.535,0.465,1.0
2025-12-11T03:20:07.085954,0.53,0.47,1.0
2025-12-11T03:20:07.697435,0.525,0.475,1.0
2025-12-11T03:20:08.309084,0.515,0.485,1.0
2025-12-11T03:20:07.326006,0.52,0.475,0.995
2025-12-11T03:20:07.941481,0.535,0.465,1.0
2025-12-11T03:20:08.554517,0.56,0.435,0.9950000000000001
2025-12-11T03:20:09.156082,0.57,0.425,0.9949999999999999
2025-12-11T03:20:09.763179,0.575,0.425,1.0
2025-12-11T03:20:10.369505,0.56,0.44,1.0
2025-12-11T03:20:10.987400,0.555,0.445,1.0
2025-12-11T03:20:11.598981,0.55,0.45,1.0
2025-12-11T03:20:12.208209,0.545,0.455,1.0
2025-12-11T03:20:12.802304,0.515,0.485,1.0
2025-12-11T03:20:13.410754,0.515,0.485,1.0
2025-12-11T03:20:14.018754,0.515,0.48,0.995
2025-12-11T03:20:14.622382,0.525,0.475,1.0
2025-12-11T03:20:15.224832,0.535,0.465,1.0
2025-12-11T03:20:15.837156,0.515,0.485,1.0
2025-12-11T03:20:16.436708,0.51,0.495,1.005
2025-12-11T03:20:17.096416,0.495,0.505,1.0
2025-12-11T03:20:17.703189,0.485,0.515,1.0
2025-12-11T03:20:18.308634,0.465,0.535,1.0
2025-12-11T03:20:18.930773,0.465,0.535,1.0
2025-12-11T03:20:19.528498,0.455,0.545,1.0
2025-12-11T03:20:20.129373,0.465,0.535,1.0
2025-12-11T03:20:20.730247,0.465,0.535,1.0
2025-12-11T03:20:21.335505,0.455,0.545,1.0
2025-12-11T03:20:21.943910,0.46,0.54,1.0
2025-12-11T03:20:22.556578,0.455,0.545,1.0
2025-12-11T03:20:23.153777,0.46,0.54,1.0
2025-12-11T03:20:23.773188,0.46,0.54,1.0
2025-12-11T03:20:24.384083,0.455,0.555,1.01
2025-12-11T03:20:24.985132,0.435,0.565,1.0
2025-12-11T03:20:25.585821,0.435,0.565,1.0
2025-12-11T03:20:26.188586,0.445,0.555,1.0
2025-12-11T03:20:26.794637,0.455,0.545,1.0
2025-12-11T03:20:27.392728,0.465,0.535,1.0
2025-12-11T03:20:27.999757,0.465,0.535,1.0
2025-12-11T03:20:28.602829,0.44,0.56,1.0
2025-12-11T03:20:29.204051,0.435,0.565,1.0
2025-12-11T03:20:29.857998,0.425,0.575,1.0
2025-12-11T03:20:30.469672,0.415,0.585,1.0
2025-12-11T03:20:31.076229,0.405,0.595,1.0
2025-12-11T03:20:31.686433,0.405,0.595,1.0
2025-12-11T03:20:32.295403,0.415,0.595,1.01
2025-12-11T03:20:32.905678,0.415,0.595,1.01
2025-12-11T03:20:33.500341,0.4,0.605,1.005
2025-12-11T03:20:34.108247,0.39,0.61,1.0
2025-12-11T03:20:34.720873,0.395,0.605,1.0
2025-12-11T03:20:35.328327,0.39,0.605,0.995
2025-12-11T03:20:35.933828,0.385,0.615,1.0
2025-12-11T03:20:36.544386,0.405,0.595,1.0
2025-12-11T03:20:37.148704,0.4,0.6,1.0
2025-12-11T03:20:37.749728,0.4,0.6,1.0
2025-12-11T03:20:38.352924,0.395,0.6,0.995
2025-12-11T03:20:38.957926,0.395,0.605,1.0
2025-12-11T03:20:37.960855,0.385,0.615,1.0
2025-12-11T03:20:38.564562,0.385,0.615,1.0
2025-12-11T03:20:39.161812,0.39,0.61,1.0
2025-12-11T03:20:39.767473,0.395,0.605,1.0
2025-12-11T03:20:40.370176,0.395,0.605,1.0
2025-12-11T03:20:40.976475,0.375,0.625,1.0
2025-12-11T03:20:41.586135,0.375,0.625,1.0
2025-12-11T03:20:42.193780,0.375,0.625,1.0
2025-12-11T03:20:42.803496,0.375,0.625,1.0
2025-12-11T03:20:43.415641,0.375,0.625,1.0
2025-12-11T03:20:44.018989,0.335,0.665,1.0
2025-12-11T03:20:44.623694,0.315,0.685,1.0
2025-12-11T03:20:45.228815,0.315,0.685,1.0
2025-12-11T03:20:45.833475,0.33,0.67,1.0
2025-12-11T03:20:46.450989,0.355,0.645,1.0
2025-12-11T03:20:47.061538,0.37,0.625,0.995
2025-12-11T03:20:47.663475,0.375,0.625,1.0
2025-12-11T03:20:48.260693,0.37,0.63,1.0
2025-12-11T03:20:48.869338,0.37,0.63,1.0
2025-12-11T03:20:49.481200,0.365,0.635,1.0
2025-12-11T03:20:50.094419,0.365,0.635,1.0
2025-12-11T03:20:50.689238,0.38,0.62,1.0
2025-12-11T03:20:51.298368,0.38,0.615,0.995
2025-12-11T03:20:51.904194,0.365,0.64,1.005
2025-12-11T03:20:52.524608,0.355,0.645,1.0
2025-12-11T03:20:53.152955,0.355,0.645,1.0
2025-12-11T03:20:53.760802,0.355,0.645,1.0
2025-12-11T03:20:54.371519,0.355,0.645,1.0
2025-12-11T03:20:54.979695,0.365,0.635,1.0
2025-12-11T03:20:55.589212,0.375,0.625,1.0
2025-12-11T03:20:56.201208,0.385,0.615,1.0
2025-12-11T03:20:56.799863,0.385,0.615,1.0
2025-12-11T03:20:57.411222,0.365,0.635,1.0
2025-12-11T03:20:58.029619,0.375,0.625,1.0
2025-12-11T03:20:58.629964,0.375,0.625,1.0
2025-12-11T03:20:59.233494,0.365,0.635,1.0
2025-12-11T03:20:59.836954,0.355,0.645,1.0
2025-12-11T03:21:00.447022,0.365,0.635,1.0
2025-12-11T03:21:01.044845,0.375,0.625,1.0
2025-12-11T03:21:01.650763,0.375,0.625,1.0
2025-12-11T03:21:02.256804,0.355,0.645,1.0
2025-12-11T03:21:02.855690,0.355,0.645,1.0
2025-12-11T03:21:03.453134,0.405,0.59,0.995
2025-12-11T03:21:04.063084,0.45,0.55,1.0
2025-12-11T03:21:04.674851,0.45,0.55,1.0
2025-12-11T03:21:05.279625,0.47,0.525,0.995
2025-12-11T03:21:05.891617,0.475,0.525,1.0
2025-12-11T03:21:06.502751,0.475,0.525,1.0
2025-12-11T03:21:07.113946,0.485,0.515,1.0
2025-12-11T03:21:07.723086,0.495,0.505,1.0
2025-12-11T03:21:08.330361,0.505,0.495,1.0
2025-12-11T03:21:08.933871,0.5,0.5,1.0
2025-12-11T03:21:09.543511,0.505,0.495,1.0
2025-12-11T03:21:08.545111,0.51,0.485,0.995
2025-12-11T03:21:09.153047,0.515,0.485,1.0
2025-12-11T03:21:09.760564,0.525,0.48,1.005
2025-12-11T03:21:10.377917,0.51,0.49,1.0
2025-12-11T03:21:10.994453,0.505,0.495,1.0
2025-12-11T03:21:11.610949,0.505,0.495,1.0
2025-12-11T03:21:12.221901,0.515,0.49,1.005
2025-12-11T03:21:12.831676,0.52,0.485,1.005
2025-12-11T03:21:13.434378,0.52,0.48,1.0
2025-12-11T03:21:14.043503,0.515,0.485,1.0
2025-12-11T03:21:14.655423,0.515,0.485,1.0
2025-12-11T03:21:15.267495,0.505,0.495,1.0
2025-12-11T03:21:15.880259,0.485,0.51,0.995
2025-12-11T03:21:16.495184,0.495,0.505,1.0
2025-12-11T03:21:17.114207,0.485,0.515,1.0
2025-12-11T03:21:17.723763,0.5,0.5,1.0
2025-12-11T03:21:18.331107,0.505,0.495,1.0
2025-12-11T03:21:18.942268,0.505,0.495,1.0
2025-12-11T03:21:19.555456,0.505,0.495,1.0
2025-12-11T03:21:20.174238,0.505,0.495,1.0
2025-12-11T03:21:20.790694,0.505,0.495,1.0
2025-12-11T03:21:21.400303,0.485,0.515,1.0
2025-12-11T03:21:22.007231,0.485,0.515,1.0
2025-12-11T03:21:22.647945,0.49,0.51,1.0
2025-12-11T03:21:23.261540,0.495,0.505,1.0
2025-12-11T03:21:23.866255,0.505,0.485,0.99
2025-12-11T03:21:24.478895,0.545,0.455,1.0
2025-12-11T03:21:25.108532,0.555,0.43,0.9850000000000001
2025-12-11T03:21:25.736673,0.585,0.415,1.0
2025-12-11T03:21:26.359123,0.575,0.42,0.9949999999999999
2025-12-11T03:21:26.974362,0.57,0.43,1.0
2025-12-11T03:21:27.589405,0.56,0.44,1.0
2025-12-11T03:21:28.208142,0.57,0.43,1.0
2025-12-11T03:21:28.815922,0.585,0.415,1.0
2025-12-11T03:21:29.425906,0.595,0.405,1.0
2025-12-11T03:21:30.039140,0.605,0.395,1.0
2025-12-11T03:21:30.699524,0.595,0.405,1.0
2025-12-11T03:21:31.312269,0.6,0.405,1.005
2025-12-11T03:21:31.935531,0.595,0.405,1.0
2025-12-11T03:21:32.534450,0.57,0.43,1.0
2025-12-11T03:21:33.145603,0.545,0.455,1.0
2025-12-11T03:21:33.758285,0.545,0.455,1.0
2025-12-11T03:21:34.372616,0.565,0.435,1.0
2025-12-11T03:21:34.970403,0.58,0.42,1.0
2025-12-11T03:21:35.580773,0.58,0.42,1.0
2025-12-11T03:21:36.180615,0.575,0.43,1.005
2025-12-11T03:21:36.793502,0.565,0.435,1.0
2025-12-11T03:21:37.408979,0.565,0.435,1.0
2025-12-11T03:21:38.031010,0.565,0.44,1.005
2025-12-11T03:21:38.646388,0.555,0.445,1.0
2025-12-11T03:21:39.251327,0.545,0.455,1.0
2025-12-11T03:21:39.858679,0.555,0.445,1.0
2025-12-11T03:21:38.862723,0.56,0.435,0.9950000000000001
2025-12-11T03:21:39.476073,0.565,0.435,1.0
2025-12-11T03:21:40.085105,0.545,0.46,1.0050000000000001
2025-12-11T03:21:40.694041,0.525,0.475,1.0
2025-12-11T03:21:41.309124,0.495,0.505,1.0
2025-12-11T03:21:41.911070,0.485,0.515,1.0
2025-12-11T03:21:42.534712,0.485,0.515,1.0
2025-12-11T03:21:43.148195,0.48,0.515,0.995
2025-12-11T03:21:43.752411,0.475,0.525,1.0
2025-12-11T03:21:44.368491,0.49,0.515,1.005
2025-12-11T03:21:44.989561,0.48,0.52,1.0
2025-12-11T03:21:45.600035,0.475,0.525,1.0
2025-12-11T03:21:46.199836,0.475,0.525,1.0
2025-12-11T03:21:46.804821,0.505,0.495,1.0
2025-12-11T03:21:47.423783,0.5,0.5,1.0
2025-12-11T03:21:48.036851,0.48,0.52,1.0
2025-12-11T03:21:48.648401,0.47,0.53,1.0
2025-12-11T03:21:49.265002,0.465,0.535,1.0
2025-12-11T03:21:49.876122,0.465,0.535,1.0
2025-12-11T03:21:50.493765,0.465,0.535,1.0
2025-12-11T03:21:51.109827,0.465,0.535,1.0
2025-12-11T03:21:51.727606,0.48,0.52,1.0
2025-12-11T03:21:52.357704,0.49,0.505,0.995
2025-12-11T03:21:52.982652,0.5,0.495,0.995
2025-12-11T03:21:53.586103,0.52,0.48,1.0
2025-12-11T03:21:54.190799,0.525,0.48,1.005
2025-12-11T03:21:54.810474,0.52,0.48,1.0
2025-12-11T03:21:55.419728,0.515,0.485,1.0
2025-12-11T03:21:56.029101,0.525,0.475,1.0
2025-12-11T03:21:56.638594,0.53,0.47,1.0
2025-12-11T03:21:57.252576,0.525,0.475,1.0
2025-12-11T03:21:57.874088,0.52,0.48,1.0
2025-12-11T03:21:58.480906,0.515,0.48,0.995
2025-12-11T03:21:59.091031,0.535,0.465,1.0
2025-12-11T03:21:59.712676,0.535,0.465,1.0
2025-12-11T03:22:00.315682,0.53,0.47,1.0
2025-12-11T03:22:00.933772,0.535,0.465,1.0
2025-12-11T03:22:01.565020,0.525,0.475,1.0
2025-12-11T03:22:02.182371,0.505,0.495,1.0
2025-12-11T03:22:02.794886,0.47,0.53,1.0
2025-12-11T03:22:03.414711,0.48,0.52,1.0
2025-12-11T03:22:04.034851,0.485,0.515,1.0
2025-12-11T03:22:04.644752,0.505,0.5,1.005
2025-12-11T03:22:05.266590,0.505,0.485,0.99
2025-12-11T03:22:05.898257,0.545,0.455,1.0
2025-12-11T03:22:06.513098,0.525,0.475,1.0
2025-12-11T03:22:07.131554,0.525,0.475,1.0
2025-12-11T03:22:07.743360,0.56,0.44,1.0
2025-12-11T03:22:08.405324,0.585,0.415,1.0
2025-12-11T03:22:09.038132,0.615,0.385,1.0
2025-12-11T03:22:09.652634,0.635,0.365,1.0
2025-12-11T03:22:10.274447,0.635,0.365,1.0
2025-12-11T03:22:10.882686,0.625,0.375,1.0
2025-12-11T03:22:09.851814,0.625,0.375,1.0
2025-12-11T03:22:10.512103,0.665,0.335,1.0
2025-12-11T03:22:11.124985,0.635,0.365,1.0
2025-12-11T03:22:11.748310,0.63,0.375,1.005
2025-12-11T03:22:12.372281,0.63,0.385,1.0150000000000001
2025-12-11T03:22:12.991662,0.625,0.38,1.005
2025-12-11T03:22:13.600223,0.63,0.385,1.0150000000000001
2025-12-11T03:22:14.218789,0.615,0.39,1.005
2025-12-11T03:22:14.823626,0.605,0.395,1.0
2025-12-11T03:22:15.430810,0.61,0.39,1.0
2025-12-11T03:22:16.046343,0.61,0.39,1.0
2025-12-11T03:22:16.664818,0.615,0.385,1.0
2025-12-11T03:22:17.284836,0.615,0.385,1.0
2025-12-11T03:22:17.908208,0.62,0.38,1.0
2025-12-11T03:22:18.521018,0.62,0.38,1.0
2025-12-11T03:22:19.130789,0.615,0.385,1.0
2025-12-11T03:22:19.746595,0.625,0.375,1.0
2025-12-11T03:22:20.380182,0.635,0.365,1.0
2025-12-11T03:22:20.999390,0.615,0.385,1.0
2025-12-11T03:22:21.621370,0.605,0.395,1.0
2025-12-11T03:22:22.296326,0.57,0.425,0.9949999999999999
2025-12-11T03:22:22.901625,0.585,0.415,1.0
2025-12-11T03:22:23.519040,0.575,0.425,1.0
2025-12-11T03:22:24.138520,0.575,0.425,1.0
2025-12-11T03:22:24.749483,0.56,0.44,1.0
2025-12-11T03:22:25.364133,0.57,0.43,1.0
2025-12-11T03:22:25.979990,0.575,0.425,1.0
2025-12-11T03:22:26.595335,0.585,0.415,1.0
2025-12-11T03:22:27.210350,0.565,0.43,0.9949999999999999
2025-12-11T03:22:27.812089,0.585,0.415,1.0
2025-12-11T03:22:28.425496,0.595,0.405,1.0
2025-12-11T03:22:29.033026,0.585,0.415,1.0
2025-12-11T03:22:29.645717,0.585,0.415,1.0
2025-12-11T03:22:30.259135,0.575,0.425,1.0
2025-12-11T03:22:30.861070,0.605,0.395,1.0
2025-12-11T03:22:31.494952,0.59,0.415,1.005
2025-12-11T03:22:32.102430,0.585,0.415,1.0
2025-12-11T03:22:32.714737,0.585,0.415,1.0
2025-12-11T03:22:33.320905,0.575,0.425,1.0
2025-12-11T03:22:33.935542,0.585,0.415,1.0
2025-12-11T03:22:34.594254,0.605,0.39,0.995
2025-12-11T03:22:35.325657,0.61,0.39,1.0
2025-12-11T03:22:35.949567,0.605,0.395,1.0
2025-12-11T03:22:36.552882,0.605,0.395,1.0
2025-12-11T03:22:37.171405,0.605,0.395,1.0
2025-12-11T03:22:37.773569,0.555,0.445,1.0
2025-12-11T03:22:38.378809,0.54,0.465,1.0050000000000001
2025-12-11T03:22:38.982128,0.565,0.435,1.0
2025-12-11T03:22:39.587874,0.565,0.435,1.0
2025-12-11T03:22:40.203171,0.56,0.44,1.0
2025-12-11T03:22:40.822167,0.55,0.45,1.0
2025-12-11T03:22:41.442217,0.545,0.455,1.0
2025-12-11T03:22:40.503023,0.545,0.455,1.0
2025-12-11T03:22:41.115782,0.55,0.45,1.0
2025-12-11T03:22:41.719962,0.545,0.455,1.0
2025-12-11T03:22:42.313274,0.54,0.465,1.0050000000000001
2025-12-11T03:22:42.909137,0.535,0.465,1.0
2025-12-11T03:22:43.528532,0.535,0.465,1.0
2025-12-11T03:22:44.137958,0.53,0.47,1.0
2025-12-11T03:22:44.772773,0.53,0.47,1.0
2025-12-11T03:22:45.376057,0.53,0.47,1.0
2025-12-11T03:22:45.989206,0.53,0.475,1.005
2025-12-11T03:22:46.607844,0.535,0.465,1.0
2025-12-11T03:22:47.208410,0.53,0.47,1.0
2025-12-11T03:22:47.823920,0.525,0.475,1.0
2025-12-11T03:22:48.439969,0.525,0.475,1.0
2025-12-11T03:22:49.071530,0.515,0.485,1.0
2025-12-11T03:22:49.693033,0.515,0.485,1.0
2025-12-11T03:22:50.307008,0.52,0.485,1.005
2025-12-11T03:22:50.921457,0.515,0.485,1.0
2025-12-11T03:22:51.593211,0.525,0.475,1.0
2025-12-11T03:22:52.201206,0.535,0.465,1.0
2025-12-11T03:22:52.824322,0.56,0.44,1.0
2025-12-11T03:22:53.430834,0.575,0.425,1.0
2025-12-11T03:22:54.040017,0.555,0.435,0.99
2025-12-11T03:22:54.664563,0.555,0.445,1.0
2025-12-11T03:22:55.276094,0.585,0.415,1.0
2025-12-11T03:22:55.945760,0.585,0.405,0.99
2025-12-11T03:22:56.557488,0.59,0.41,1.0
2025-12-11T03:22:57.171574,0.595,0.405,1.0
2025-12-11T03:22:57.793069,0.595,0.405,1.0
2025-12-11T03:22:58.404739,0.6,0.4,1.0
2025-12-11T03:22:59.022978,0.605,0.395,1.0
2025-12-11T03:22:59.632096,0.605,0.395,1.0
2025-12-11T03:23:00.263441,0.61,0.385,0.995
2025-12-11T03:23:00.871802,0.615,0.385,1.0
2025-12-11T03:23:01.477814,0.605,0.395,1.0
2025-12-11T03:23:02.093949,0.605,0.395,1.0
2025-12-11T03:23:02.706644,0.605,0.395,1.0
2025-12-11T03:23:03.324734,0.575,0.425,1.0
2025-12-11T03:23:03.945297,0.575,0.42,0.9949999999999999
2025-12-11T03:23:04.557592,0.595,0.405,1.0
2025-12-11T03:23:05.172358,0.615,0.385,1.0
2025-12-11T03:23:05.767440,0.635,0.365,1.0
2025-12-11T03:23:06.381385,0.69,0.3,0.99
2025-12-11T03:23:06.998831,0.725,0.27,0.995
2025-12-11T03:23:07.619110,0.7,0.3,1.0
2025-12-11T03:23:08.226615,0.715,0.285,1.0
2025-12-11T03:23:08.830044,0.71,0.285,0.9949999999999999
2025-12-11T03:23:09.433743,0.695,0.305,1.0
2025-12-11T03:23:10.034721,0.695,0.305,1.0
2025-12-11T03:23:10.655801,0.695,0.305,1.0
2025-12-11T03:23:11.263206,0.7,0.3,1.0
2025-12-11T03:23:11.854756,0.7,0.3,1.0
2025-12-11T03:23:10.874893,0.705,0.295,1.0
2025-12-11T03:23:11.471400,0.695,0.305,1.0
2025-12-11T03:23:12.083378,0.685,0.32,1.0050000000000001
2025-12-11T03:23:12.687888,0.675,0.325,1.0
2025-12-11T03:23:13.296750,0.675,0.325,1.0
2025-12-11T03:23:13.903268,0.68,0.32,1.0
2025-12-11T03:23:14.524525,0.695,0.305,1.0
2025-12-11T03:23:15.142414,0.685,0.315,1.0
2025-12-11T03:23:15.750358,0.695,0.31,1.005
2025-12-11T03:23:16.375276,0.68,0.32,1.0
2025-12-11T03:23:16.995908,0.68,0.315,0.9950000000000001
2025-12-11T03:23:17.611816,0.695,0.305,1.0
2025-12-11T03:23:18.222132,0.695,0.3,0.9949999999999999
2025-12-11T03:23:18.823712,0.7,0.3,1.0
2025-12-11T03:23:19.445242,0.705,0.295,1.0
2025-12-11T03:23:20.057383,0.705,0.295,1.0
2025-12-11T03:23:20.663794,0.71,0.29,1.0
2025-12-11T03:23:21.274435,0.71,0.29,1.0
2025-12-11T03:23:21.885929,0.715,0.285,1.0
2025-12-11T03:23:22.499041,0.705,0.295,1.0
2025-12-11T03:23:23.109681,0.695,0.3,0.9949999999999999
2025-12-11T03:23:23.708392,0.715,0.285,1.0
2025-12-11T03:23:24.323300,0.715,0.285,1.0
2025-12-11T03:23:24.934855,0.71,0.29,1.0
2025-12-11T03:23:25.554449,0.705,0.295,1.0
2025-12-11T03:23:26.164770,0.715,0.285,1.0
2025-12-11T03:23:26.782512,0.74,0.26,1.0
2025-12-11T03:23:27.390035,0.745,0.255,1.0
2025-12-11T03:23:28.008708,0.755,0.245,1.0
2025-12-11T03:23:28.623923,0.765,0.235,1.0
2025-12-11T03:23:29.225364,0.77,0.23,1.0
2025-12-11T03:23:29.839719,0.775,0.225,1.0
2025-12-11T03:23:30.448684,0.77,0.23,1.0
2025-12-11T03:23:31.066197,0.765,0.235,1.0
2025-12-11T03:23:31.751056,0.765,0.235,1.0
2025-12-11T03:23:32.363309,0.76,0.24,1.0
2025-12-11T03:23:32.973494,0.755,0.245,1.0
2025-12-11T03:23:33.589498,0.75,0.25,1.0
2025-12-11T03:23:34.204158,0.755,0.245,1.0
2025-12-11T03:23:34.811224,0.745,0.255,1.0
2025-12-11T03:23:35.433123,0.755,0.245,1.0
2025-12-11T03:23:36.092396,0.755,0.245,1.0
2025-12-11T03:23:36.711986,0.755,0.245,1.0
2025-12-11T03:23:37.313824,0.74,0.26,1.0
2025-12-11T03:23:37.942668,0.73,0.27,1.0
2025-12-11T03:23:38.569084,0.71,0.295,1.005
2025-12-11T03:23:39.178601,0.7,0.3,1.0
2025-12-11T03:23:39.779019,0.71,0.29,1.0
2025-12-11T03:23:40.391777,0.715,0.285,1.0
2025-12-11T03:23:41.016552,0.725,0.275,1.0
2025-12-11T03:23:41.633936,0.72,0.28,1.0
2025-12-11T03:23:42.248680,0.715,0.285,1.0
2025-12-11T03:23:42.869867,0.73,0.27,1.0
2025-12-11T03:23:41.881523,0.72,0.28,1.0
2025-12-11T03:23:42.495902,0.725,0.275,1.0
2025-12-11T03:23:43.113514,0.72,0.285,1.005
2025-12-11T03:23:43.729740,0.715,0.285,1.0
2025-12-11T03:23:44.328246,0.705,0.295,1.0
2025-12-11T03:23:44.945156,0.705,0.295,1.0
2025-12-11T03:23:45.553177,0.695,0.305,1.0
2025-12-11T03:23:46.176746,0.695,0.31,1.005
2025-12-11T03:23:46.795317,0.655,0.345,1.0
2025-12-11T03:23:47.419446,0.65,0.355,1.005
2025-12-11T03:23:48.037000,0.65,0.35,1.0
2025-12-11T03:23:48.666844,0.65,0.35,1.0
2025-12-11T03:23:49.269648,0.65,0.35,1.0
2025-12-11T03:23:49.892876,0.66,0.335,0.9950000000000001
2025-12-11T03:23:50.491751,0.665,0.335,1.0
2025-12-11T03:23:51.103920,0.655,0.345,1.0
2025-12-11T03:23:51.719536,0.655,0.345,1.0
2025-12-11T03:23:52.332225,0.645,0.355,1.0
2025-12-11T03:23:52.953073,0.645,0.355,1.0
2025-12-11T03:23:53.566431,0.65,0.35,1.0
2025-12-11T03:23:54.174143,0.625,0.375,1.0
2025-12-11T03:23:54.777935,0.625,0.375,1.0
2025-12-11T03:23:55.395855,0.63,0.37,1.0
2025-12-11T03:23:56.013948,0.63,0.37,1.0
2025-12-11T03:23:56.673302,0.63,0.37,1.0
2025-12-11T03:23:57.289246,0.625,0.375,1.0
2025-12-11T03:23:57.905935,0.625,0.375,1.0
2025-12-11T03:23:58.519635,0.625,0.375,1.0
2025-12-11T03:23:59.151378,0.62,0.38,1.0
2025-12-11T03:23:59.771206,0.615,0.385,1.0
2025-12-11T03:24:00.389212,0.615,0.385,1.0
2025-12-11T03:24:00.994633,0.63,0.375,1.005
2025-12-11T03:24:01.850907,0.625,0.375,1.0
2025-12-11T03:24:02.465504,0.625,0.37,0.995
2025-12-11T03:24:03.072896,0.635,0.365,1.0
2025-12-11T03:24:03.719278,0.615,0.395,1.01
2025-12-11T03:24:04.336619,0.6,0.4,1.0
2025-12-11T03:24:04.950061,0.605,0.395,1.0
2025-12-11T03:24:05.566876,0.6,0.4,1.0
2025-12-11T03:24:06.176429,0.61,0.39,1.0
2025-12-11T03:24:06.785930,0.615,0.385,1.0
2025-12-11T03:24:07.399320,0.605,0.395,1.0
2025-12-11T03:24:08.007982,0.625,0.375,1.0
2025-12-11T03:24:08.630050,0.615,0.385,1.0
2025-12-11T03:24:09.228951,0.625,0.375,1.0
2025-12-11T03:24:09.844967,0.595,0.405,1.0
2025-12-11T03:24:10.461696,0.595,0.41,1.005
2025-12-11T03:24:11.070919,0.595,0.405,1.0
2025-12-11T03:24:11.689592,0.615,0.385,1.0
2025-12-11T03:24:12.302130,0.615,0.385,1.0
2025-12-11T03:24:12.915937,0.585,0.415,1.0
2025-12-11T03:24:13.521735,0.585,0.41,0.9949999999999999
2025-12-11T03:24:12.517872,0.59,0.41,1.0
2025-12-11T03:24:13.126533,0.585,0.415,1.0
2025-12-11T03:24:13.735098,0.585,0.415,1.0
2025-12-11T03:24:14.355142,0.59,0.41,1.0
2025-12-11T03:24:14.972533,0.585,0.415,1.0
2025-12-11T03:24:15.591643,0.575,0.425,1.0
2025-12-11T03:24:16.200945,0.575,0.425,1.0
2025-12-11T03:24:16.809293,0.575,0.43,1.005
2025-12-11T03:24:17.420189,0.565,0.435,1.0
2025-12-11T03:24:18.021948,0.565,0.435,1.0
2025-12-11T03:24:18.628204,0.565,0.435,1.0
2025-12-11T03:24:19.246884,0.555,0.445,1.0
2025-12-11T03:24:19.862944,0.545,0.455,1.0
2025-12-11T03:24:20.465464,0.55,0.45,1.0
2025-12-11T03:24:21.068455,0.55,0.45,1.0
2025-12-11T03:24:21.676123,0.555,0.445,1.0
2025-12-11T03:24:22.292548,0.555,0.445,1.0
2025-12-11T03:24:22.908540,0.555,0.445,1.0
2025-12-11T03:24:23.525334,0.55,0.45,1.0
2025-12-11T03:24:24.132860,0.55,0.45,1.0
2025-12-11T03:24:24.748966,0.545,0.455,1.0
2025-12-11T03:24:25.360044,0.535,0.465,1.0
2025-12-11T03:24:25.983720,0.535,0.465,1.0
2025-12-11T03:24:26.595287,0.53,0.47,1.0
2025-12-11T03:24:27.215047,0.52,0.48,1.0
2025-12-11T03:24:27.830836,0.52,0.48,1.0
2025-12-11T03:24:28.426338,0.52,0.48,1.0
2025-12-11T03:24:29.083677,0.525,0.48,1.005
2025-12-11T03:24:29.694691,0.515,0.485,1.0
2025-12-11T03:24:30.311063,0.515,0.485,1.0
2025-12-11T03:24:30.936595,0.505,0.495,1.0
2025-12-11T03:24:31.556514,0.505,0.495,1.0
2025-12-11T03:24:32.176587,0.49,0.51,1.0
2025-12-11T03:24:32.783171,0.48,0.525,1.005
2025-12-11T03:24:33.405861,0.47,0.535,1.005
2025-12-11T03:24:34.028029,0.46,0.54,1.0
2025-12-11T03:24:34.631517,0.445,0.555,1.0
2025-12-11T03:24:35.240504,0.435,0.565,1.0
2025-12-11T03:24:35.853285,0.44,0.56,1.0
2025-12-11T03:24:36.446578,0.455,0.545,1.0
2025-12-11T03:24:37.066817,0.48,0.52,1.0
2025-12-11T03:24:37.681211,0.485,0.515,1.0
2025-12-11T03:24:38.293011,0.465,0.545,1.01
2025-12-11T03:24:38.892073,0.445,0.555,1.0
2025-12-11T03:24:39.511488,0.44,0.565,1.005
2025-12-11T03:24:40.123962,0.43,0.57,1.0
2025-12-11T03:24:40.746942,0.455,0.545,1.0
2025-12-11T03:24:41.358796,0.445,0.565,1.01
2025-12-11T03:24:41.971017,0.435,0.57,1.005
2025-12-11T03:24:42.585941,0.425,0.575,1.0
2025-12-11T03:24:43.204087,0.425,0.575,1.0
2025-12-11T03:24:43.822637,0.425,0.57,0.9949999999999999
2025-12-11T03:24:42.833301,0.395,0.605,1.0
2025-12-11T03:24:43.432834,0.395,0.605,1.0
2025-12-11T03:24:44.039403,0.385,0.615,1.0
2025-12-11T03:24:44.668228,0.385,0.615,1.0
2025-12-11T03:24:45.286508,0.405,0.595,1.0
2025-12-11T03:24:45.903557,0.425,0.575,1.0
2025-12-11T03:24:46.512568,0.435,0.565,1.0
2025-12-11T03:24:47.134038,0.425,0.575,1.0
2025-12-11T03:24:47.740237,0.42,0.58,1.0
2025-12-11T03:24:48.356209,0.42,0.585,1.005
2025-12-11T03:24:48.988540,0.405,0.595,1.0
2025-12-11T03:24:49.595022,0.425,0.575,1.0
2025-12-11T03:24:50.211163,0.415,0.585,1.0
2025-12-11T03:24:50.820885,0.41,0.59,1.0
2025-12-11T03:24:51.432257,0.395,0.605,1.0
2025-12-11T03:24:52.044950,0.395,0.605,1.0
2025-12-11T03:24:52.655088,0.395,0.6,0.995
2025-12-11T03:24:53.266989,0.405,0.595,1.0
2025-12-11T03:24:53.867296,0.415,0.585,1.0
2025-12-11T03:24:54.490409,0.415,0.585,1.0
2025-12-11T03:24:55.104458,0.415,0.585,1.0
2025-12-11T03:24:55.718342,0.405,0.595,1.0
2025-12-11T03:24:56.334039,0.42,0.58,1.0
2025-12-11T03:24:56.951134,0.41,0.59,1.0
2025-12-11T03:24:57.568766,0.405,0.595,1.0
2025-12-11T03:24:58.179180,0.405,0.595,1.0
2025-12-11T03:24:58.791257,0.405,0.595,1.0
2025-12-11T03:24:59.408308,0.405,0.595,1.0
2025-12-11T03:25:00.020634,0.405,0.6,1.005
2025-12-11T03:25:00.634173,0.395,0.605,1.0
2025-12-11T03:25:01.245364,0.39,0.61,1.0
2025-12-11T03:25:01.864716,0.395,0.605,1.0
2025-12-11T03:25:02.475426,0.385,0.615,1.0
2025-12-11T03:25:03.089814,0.38,0.61,0.99
2025-12-11T03:25:03.716888,0.41,0.585,0.9949999999999999
2025-12-11T03:25:04.327522,0.435,0.565,1.0
2025-12-11T03:25:04.946854,0.435,0.565,1.0
2025-12-11T03:25:05.562512,0.435,0.565,1.0
2025-12-11T03:25:06.176922,0.4,0.6,1.0
2025-12-11T03:25:06.790281,0.39,0.61,1.0
2025-12-11T03:25:07.409990,0.385,0.615,1.0
2025-12-11T03:25:08.031402,0.395,0.605,1.0
2025-12-11T03:25:08.644600,0.385,0.615,1.0
2025-12-11T03:25:09.265087,0.38,0.62,1.0
2025-12-11T03:25:09.882699,0.375,0.625,1.0
2025-12-11T03:25:10.498145,0.365,0.635,1.0
2025-12-11T03:25:11.113006,0.37,0.63,1.0
2025-12-11T03:25:11.725721,0.37,0.63,1.0
2025-12-11T03:25:12.425512,0.375,0.625,1.0
2025-12-11T03:25:13.045754,0.385,0.615,1.0
2025-12-11T03:25:13.665405,0.385,0.615,1.0
2025-12-11T03:25:14.279115,0.395,0.605,1.0
2025-12-11T03:25:14.880191,0.395,0.595,0.99
2025-12-11T03:25:13.882872,0.405,0.595,1.0
2025-12-11T03:25:14.494717,0.405,0.595,1.0
2025-12-11T03:25:15.103867,0.415,0.58,0.9949999999999999
2025-12-11T03:25:15.718433,0.405,0.595,1.0
2025-12-11T03:25:16.332265,0.405,0.595,1.0
2025-12-11T03:25:16.950839,0.4,0.6,1.0
2025-12-11T03:25:17.561995,0.405,0.595,1.0
2025-12-11T03:25:18.230191,0.415,0.585,1.0
2025-12-11T03:25:18.841689,0.415,0.585,1.0
2025-12-11T03:25:19.445096,0.41,0.59,1.0
2025-12-11T03:25:20.058621,0.4,0.595,0.995
2025-12-11T03:25:20.681360,0.405,0.6,1.005
2025-12-11T03:25:21.278219,0.385,0.615,1.0
2025-12-11T03:25:21.888316,0.375,0.625,1.0
2025-12-11T03:25:22.568998,0.34,0.665,1.0050000000000001
2025-12-11T03:25:23.186755,0.335,0.67,1.0050000000000001
2025-12-11T03:25:23.799410,0.325,0.67,0.9950000000000001
2025-12-11T03:25:24.401839,0.335,0.665,1.0
2025-12-11T03:25:25.038232,0.335,0.665,1.0
2025-12-11T03:25:25.646472,0.335,0.665,1.0
2025-12-11T03:25:26.253050,0.335,0.665,1.0
2025-12-11T03:25:26.852859,0.355,0.645,1.0
2025-12-11T03:25:27.459030,0.355,0.645,1.0
2025-12-11T03:25:28.081773,0.36,0.64,1.0
2025-12-11T03:25:28.693494,0.36,0.64,1.0
2025-12-11T03:25:29.308152,0.365,0.635,1.0
2025-12-11T03:25:29.916468,0.37,0.63,1.0
2025-12-11T03:25:30.539400,0.37,0.625,0.995
2025-12-11T03:25:31.169514,0.375,0.625,1.0
2025-12-11T03:25:31.783702,0.375,0.625,1.0
2025-12-11T03:25:32.396112,0.375,0.625,1.0
2025-12-11T03:25:33.014421,0.345,0.655,1.0
2025-12-11T03:25:33.635418,0.39,0.61,1.0
2025-12-11T03:25:34.248487,0.395,0.605,1.0
2025-12-11T03:25:34.863490,0.41,0.59,1.0
2025-12-11T03:25:35.483379,0.41,0.59,1.0
2025-12-11T03:25:36.089967,0.41,0.59,1.0
2025-12-11T03:25:36.706669,0.41,0.59,1.0
2025-12-11T03:25:37.314978,0.41,0.59,1.0
2025-12-11T03:25:37.927650,0.41,0.59,1.0
2025-12-11T03:25:38.540267,0.415,0.585,1.0
2025-12-11T03:25:39.153556,0.415,0.585,1.0
2025-12-11T03:25:39.772652,0.415,0.595,1.01
2025-12-11T03:25:40.382181,0.405,0.595,1.0
2025-12-11T03:25:40.998004,0.41,0.585,0.9949999999999999
2025-12-11T03:25:41.621746,0.42,0.58,1.0
2025-12-11T03:25:42.218229,0.415,0.585,1.0
2025-12-11T03:25:42.826042,0.415,0.585,1.0
2025-12-11T03:25:43.443185,0.41,0.59,1.0
2025-12-11T03:25:44.060166,0.41,0.59,1.0
2025-12-11T03:25:44.683861,0.4,0.6,1.0
2025-12-11T03:25:45.293757,0.395,0.605,1.0
2025-12-11T03:25:44.276642,0.4,0.6,1.0
2025-12-11T03:25:44.875194,0.415,0.585,1.0
2025-12-11T03:25:45.486884,0.415,0.585,1.0
2025-12-11T03:25:46.100499,0.415,0.585,1.0
2025-12-11T03:25:46.719466,0.41,0.595,1.005
2025-12-11T03:25:47.330733,0.405,0.595,1.0
2025-12-11T03:25:47.954254,0.405,0.595,1.0
2025-12-11T03:25:48.573743,0.41,0.59,1.0
2025-12-11T03:25:49.194608,0.425,0.575,1.0
2025-12-11T03:25:49.807901,0.405,0.595,1.0
2025-12-11T03:25:50.418929,0.395,0.605,1.0
2025-12-11T03:25:51.015268,0.39,0.61,1.0
2025-12-11T03:25:51.616193,0.385,0.615,1.0
2025-12-11T03:25:52.229395,0.385,0.615,1.0
2025-12-11T03:25:52.841605,0.41,0.585,0.9949999999999999
2025-12-11T03:25:53.453118,0.44,0.56,1.0
2025-12-11T03:25:54.063831,0.485,0.515,1.0
2025-12-11T03:25:54.677699,0.485,0.515,1.0
2025-12-11T03:25:55.289831,0.485,0.515,1.0
2025-12-11T03:25:55.907792,0.495,0.505,1.0
2025-12-11T03:25:56.523220,0.495,0.505,1.0
2025-12-11T03:25:57.137685,0.495,0.505,1.0
2025-12-11T03:25:57.755012,0.545,0.45,0.9950000000000001
2025-12-11T03:25:58.366355,0.54,0.455,0.9950000000000001
2025-12-11T03:25:58.977510,0.56,0.44,1.0
2025-12-11T03:25:59.588679,0.585,0.42,1.005
2025-12-11T03:26:00.186556,0.575,0.425,1.0
2025-12-11T03:26:00.803620,0.585,0.415,1.0
2025-12-11T03:26:01.399513,0.595,0.405,1.0
2025-12-11T03:26:02.012366,0.605,0.39,0.995
2025-12-11T03:26:02.626572,0.61,0.39,1.0
2025-12-11T03:26:03.237470,0.595,0.405,1.0
2025-12-11T03:26:03.847086,0.585,0.415,1.0
2025-12-11T03:26:04.460330,0.6,0.395,0.995
2025-12-11T03:26:05.076431,0.605,0.385,0.99
2025-12-11T03:26:05.677509,0.625,0.375,1.0
2025-12-11T03:26:06.292050,0.625,0.375,1.0
2025-12-11T03:26:06.922053,0.625,0.375,1.0
2025-12-11T03:26:07.534211,0.615,0.39,1.005
2025-12-11T03:26:08.143597,0.625,0.375,1.0
2025-12-11T03:26:08.755528,0.625,0.375,1.0
2025-12-11T03:26:09.371642,0.615,0.385,1.0
2025-12-11T03:26:09.987660,0.605,0.395,1.0
2025-12-11T03:26:10.601582,0.605,0.395,1.0
2025-12-11T03:26:11.216336,0.605,0.395,1.0
2025-12-11T03:26:11.826306,0.595,0.405,1.0
2025-12-11T03:26:12.443859,0.595,0.405,1.0
2025-12-11T03:26:13.056001,0.605,0.395,1.0
2025-12-11T03:26:13.655524,0.6,0.4,1.0
2025-12-11T03:26:14.270963,0.6,0.4,1.0
2025-12-11T03:26:14.883103,0.61,0.39,1.0
2025-12-11T03:26:15.535618,0.625,0.375,1.0
2025-12-11T03:26:16.151483,0.62,0.38,1.0
2025-12-11T03:26:15.198525,0.61,0.39,1.0
2025-12-11T03:26:15.818088,0.61,0.39,1.0
2025-12-11T03:26:16.435532,0.6,0.395,0.995
2025-12-11T03:26:17.057309,0.605,0.395,1.0
2025-12-11T03:26:17.671672,0.625,0.375,1.0
2025-12-11T03:26:18.281116,0.615,0.385,1.0
2025-12-11T03:26:18.909455,0.615,0.385,1.0
2025-12-11T03:26:19.524724,0.615,0.39,1.005
2025-12-11T03:26:20.139820,0.585,0.415,1.0
2025-12-11T03:26:20.746196,0.55,0.45,1.0
2025-12-11T03:26:21.374315,0.51,0.49,1.0
2025-12-11T03:26:21.991120,0.52,0.48,1.0
2025-12-11T03:26:22.606145,0.53,0.465,0.9950000000000001
2025-12-11T03:26:23.230151,0.545,0.455,1.0
2025-12-11T03:26:23.847122,0.625,0.37,0.995
2025-12-11T03:26:24.481305,0.685,0.315,1.0
2025-12-11T03:26:25.100184,0.69,0.31,1.0
2025-12-11T03:26:25.725158,0.69,0.31,1.0
2025-12-11T03:26:26.324105,0.69,0.31,1.0
2025-12-11T03:26:26.925678,0.685,0.315,1.0
2025-12-11T03:26:27.536697,0.715,0.285,1.0
2025-12-11T03:26:28.140635,0.665,0.335,1.0
2025-12-11T03:26:28.760231,0.58,0.42,1.0
2025-12-11T03:26:29.358345,0.58,0.42,1.0
2025-12-11T03:26:29.957020,0.57,0.425,0.9949999999999999
2025-12-11T03:26:30.564218,0.555,0.445,1.0
2025-12-11T03:26:31.172402,0.555,0.445,1.0
2025-12-11T03:26:31.788049,0.555,0.445,1.0
2025-12-11T03:26:32.399868,0.515,0.485,1.0
2025-12-11T03:26:33.269163,0.52,0.485,1.005
2025-12-11T03:26:33.882485,0.525,0.475,1.0
2025-12-11T03:26:34.483305,0.525,0.475,1.0
2025-12-11T03:26:35.146525,0.52,0.48,1.0
2025-12-11T03:26:35.758063,0.51,0.495,1.005
2025-12-11T03:26:36.382888,0.515,0.485,1.0
2025-12-11T03:26:36.996666,0.515,0.485,1.0
2025-12-11T03:26:37.595603,0.505,0.495,1.0
2025-12-11T03:26:38.197970,0.485,0.515,1.0
2025-12-11T03:26:38.802773,0.475,0.525,1.0
2025-12-11T03:26:39.404809,0.475,0.525,1.0
2025-12-11T03:26:40.018736,0.475,0.525,1.0
2025-12-11T03:26:40.632348,0.475,0.525,1.0
2025-12-11T03:26:41.233172,0.475,0.525,1.0
2025-12-11T03:26:41.837041,0.475,0.525,1.0
2025-12-11T03:26:42.441844,0.485,0.515,1.0
2025-12-11T03:26:43.053784,0.47,0.53,1.0
2025-12-11T03:26:43.663063,0.465,0.535,1.0
2025-12-11T03:26:44.286212,0.455,0.545,1.0
2025-12-11T03:26:44.907178,0.44,0.56,1.0
2025-12-11T03:26:45.514782,0.435,0.565,1.0
2025-12-11T03:26:46.112010,0.435,0.565,1.0
2025-12-11T03:26:46.723245,0.405,0.595,1.0
2025-12-11T03:26:45.751855,0.405,0.595,1.0
2025-12-11T03:26:46.365855,0.385,0.635,1.02
2025-12-11T03:26:46.976178,0.355,0.645,1.0
2025-12-11T03:26:47.587142,0.38,0.625,1.005
2025-12-11T03:26:48.185893,0.375,0.625,1.0
2025-12-11T03:26:48.798291,0.37,0.63,1.0
2025-12-11T03:26:49.418416,0.37,0.63,1.0
2025-12-11T03:26:50.032548,0.36,0.64,1.0
2025-12-11T03:26:50.643625,0.365,0.635,1.0
2025-12-11T03:26:51.256024,0.365,0.64,1.005
2025-12-11T03:26:51.866059,0.355,0.645,1.0
2025-12-11T03:26:52.470318,0.345,0.655,1.0
2025-12-11T03:26:53.081458,0.335,0.665,1.0
2025-12-11T03:26:53.692115,0.345,0.655,1.0
2025-12-11T03:26:54.306860,0.355,0.645,1.0
2025-12-11T03:26:54.919589,0.335,0.665,1.0
2025-12-11T03:26:55.531139,0.335,0.665,1.0
2025-12-11T03:26:56.144473,0.335,0.665,1.0
2025-12-11T03:26:56.764424,0.335,0.665,1.0
2025-12-11T03:26:57.376257,0.335,0.665,1.0
2025-12-11T03:26:57.990625,0.335,0.665,1.0
2025-12-11T03:26:58.586929,0.335,0.665,1.0
2025-12-11T03:26:59.188946,0.335,0.665,1.0
2025-12-11T03:26:59.790144,0.355,0.65,1.005
2025-12-11T03:27:00.388484,0.345,0.655,1.0
2025-12-11T03:27:00.998348,0.335,0.665,1.0
2025-12-11T03:27:01.612650,0.325,0.675,1.0
2025-12-11T03:27:02.215049,0.315,0.685,1.0
2025-12-11T03:27:02.813307,0.315,0.685,1.0
2025-12-11T03:27:03.415668,0.3,0.705,1.005
2025-12-11T03:27:04.017881,0.31,0.685,0.9950000000000001
2025-12-11T03:27:04.669108,0.325,0.675,1.0
2025-12-11T03:27:05.301820,0.335,0.665,1.0
2025-12-11T03:27:05.927222,0.355,0.645,1.0
2025-12-11T03:27:06.542293,0.355,0.645,1.0
2025-12-11T03:27:07.155283,0.405,0.59,0.995
2025-12-11T03:27:07.767160,0.39,0.61,1.0
2025-12-11T03:27:08.380370,0.395,0.605,1.0
2025-12-11T03:27:08.976700,0.405,0.585,0.99
2025-12-11T03:27:09.589741,0.425,0.575,1.0
2025-12-11T03:27:10.206691,0.435,0.57,1.005
2025-12-11T03:27:10.826284,0.435,0.56,0.9950000000000001
2025-12-11T03:27:11.437772,0.445,0.555,1.0
2025-12-11T03:27:12.051105,0.405,0.6,1.005
2025-12-11T03:27:12.656832,0.395,0.605,1.0
2025-12-11T03:27:13.266627,0.39,0.61,1.0
2025-12-11T03:27:13.891969,0.39,0.61,1.0
2025-12-11T03:27:14.505041,0.385,0.615,1.0
2025-12-11T03:27:15.118989,0.38,0.62,1.0
2025-12-11T03:27:15.732883,0.39,0.61,1.0
2025-12-11T03:27:16.354499,0.395,0.605,1.0
2025-12-11T03:27:16.974478,0.39,0.61,1.0
2025-12-11T03:27:15.998650,0.395,0.605,1.0
2025-12-11T03:27:16.614061,0.405,0.6,1.005
2025-12-11T03:27:17.237011,0.395,0.605,1.0
2025-12-11T03:27:17.836832,0.385,0.615,1.0
2025-12-11T03:27:18.450838,0.38,0.62,1.0
2025-12-11T03:27:19.056933,0.385,0.615,1.0
2025-12-11T03:27:19.669883,0.405,0.595,1.0
2025-12-11T03:27:20.278348,0.405,0.595,1.0
2025-12-11T03:27:20.890996,0.405,0.595,1.0
2025-12-11T03:27:21.501794,0.39,0.61,1.0
2025-12-11T03:27:22.113271,0.365,0.64,1.005
2025-12-11T03:27:22.727345,0.325,0.675,1.0
2025-12-11T03:27:23.338587,0.285,0.715,1.0
2025-12-11T03:27:23.944551,0.3,0.695,0.9949999999999999
2025-12-11T03:27:24.555904,0.31,0.69,1.0
2025-12-11T03:27:25.168839,0.335,0.665,1.0
2025-12-11T03:27:25.780571,0.315,0.685,1.0
2025-12-11T03:27:26.392705,0.32,0.68,1.0
2025-12-11T03:27:27.000980,0.32,0.68,1.0
2025-12-11T03:27:27.620695,0.325,0.675,1.0
2025-12-11T03:27:28.221518,0.315,0.685,1.0
2025-12-11T03:27:28.836532,0.315,0.685,1.0
2025-12-11T03:27:29.447503,0.315,0.685,1.0
2025-12-11T03:27:30.059761,0.295,0.705,1.0
2025-12-11T03:27:30.672455,0.295,0.705,1.0
2025-12-11T03:27:31.294682,0.295,0.705,1.0
2025-12-11T03:27:31.908656,0.295,0.705,1.0
2025-12-11T03:27:32.516303,0.29,0.71,1.0
2025-12-11T03:27:33.135239,0.275,0.725,1.0
2025-12-11T03:27:33.752437,0.285,0.715,1.0
2025-12-11T03:27:34.363942,0.285,0.715,1.0
2025-12-11T03:27:34.972904,0.285,0.715,1.0
2025-12-11T03:27:35.584515,0.28,0.72,1.0
2025-12-11T03:27:36.235403,0.275,0.725,1.0
2025-12-11T03:27:36.849128,0.27,0.73,1.0
2025-12-11T03:27:37.459651,0.27,0.725,0.995
2025-12-11T03:27:38.071150,0.275,0.715,0.99
2025-12-11T03:27:38.671827,0.295,0.705,1.0
2025-12-11T03:27:39.282090,0.305,0.695,1.0
2025-12-11T03:27:39.879742,0.31,0.69,1.0
2025-12-11T03:27:40.480953,0.315,0.685,1.0
2025-12-11T03:27:41.091526,0.34,0.66,1.0
2025-12-11T03:27:41.701961,0.32,0.68,1.0
2025-12-11T03:27:42.311839,0.33,0.67,1.0
2025-12-11T03:27:42.916701,0.335,0.665,1.0
2025-12-11T03:27:43.519032,0.365,0.635,1.0
2025-12-11T03:27:44.128105,0.365,0.635,1.0
2025-12-11T03:27:44.738498,0.355,0.645,1.0
2025-12-11T03:27:45.351286,0.365,0.655,1.02
2025-12-11T03:27:45.964464,0.305,0.69,0.9949999999999999
2025-12-11T03:27:46.565005,0.31,0.685,0.9950000000000001
2025-12-11T03:27:47.167058,0.335,0.665,1.0
2025-12-11T03:27:47.780338,0.355,0.645,1.0
2025-12-11T03:27:46.782907,0.365,0.635,1.0
2025-12-11T03:27:47.377782,0.375,0.625,1.0
2025-12-11T03:27:47.993121,0.385,0.615,1.0
2025-12-11T03:27:48.628459,0.395,0.605,1.0
2025-12-11T03:27:49.231686,0.39,0.61,1.0
2025-12-11T03:27:49.840460,0.39,0.61,1.0
2025-12-11T03:27:50.450688,0.385,0.615,1.0
2025-12-11T03:27:51.063349,0.385,0.615,1.0
2025-12-11T03:27:51.661030,0.395,0.605,1.0
2025-12-11T03:27:52.272808,0.405,0.595,1.0
2025-12-11T03:27:52.898569,0.415,0.585,1.0
2025-12-11T03:27:53.512336,0.425,0.575,1.0
2025-12-11T03:27:54.125916,0.395,0.605,1.0
2025-12-11T03:27:54.726553,0.405,0.595,1.0
2025-12-11T03:27:55.329207,0.405,0.595,1.0
2025-12-11T03:27:55.933854,0.415,0.585,1.0
2025-12-11T03:27:56.543170,0.405,0.6,1.005
2025-12-11T03:27:57.156397,0.4,0.6,1.0
2025-12-11T03:27:57.771954,0.385,0.615,1.0
2025-12-11T03:27:58.372348,0.385,0.615,1.0
2025-12-11T03:27:58.978405,0.39,0.61,1.0
2025-12-11T03:27:59.584807,0.375,0.625,1.0
2025-12-11T03:28:00.196585,0.37,0.63,1.0
2025-12-11T03:28:00.810015,0.355,0.645,1.0
2025-12-11T03:28:01.413900,0.32,0.695,1.015
2025-12-11T03:28:02.012276,0.315,0.685,1.0
2025-12-11T03:28:02.626697,0.295,0.705,1.0
2025-12-11T03:28:03.234199,0.275,0.725,1.0
2025-12-11T03:28:03.845983,0.275,0.725,1.0
2025-12-11T03:28:04.463891,0.275,0.725,1.0
2025-12-11T03:28:05.063328,0.27,0.73,1.0
2025-12-11T03:28:05.669292,0.255,0.745,1.0
2025-12-11T03:28:06.270863,0.255,0.745,1.0
2025-12-11T03:28:06.904844,0.245,0.755,1.0
2025-12-11T03:28:07.521059,0.24,0.755,0.995
2025-12-11T03:28:08.126605,0.255,0.745,1.0
2025-12-11T03:28:08.742516,0.26,0.745,1.005
2025-12-11T03:28:09.344421,0.275,0.725,1.0
2025-12-11T03:28:09.960796,0.285,0.715,1.0
2025-12-11T03:28:10.572243,0.285,0.715,1.0
2025-12-11T03:28:11.183671,0.29,0.71,1.0
2025-12-11T03:28:11.797775,0.285,0.715,1.0
2025-12-11T03:28:12.400472,0.285,0.715,1.0
2025-12-11T03:28:13.016317,0.285,0.715,1.0
2025-12-11T03:28:13.630416,0.285,0.715,1.0
2025-12-11T03:28:14.241245,0.275,0.725,1.0
2025-12-11T03:28:14.850716,0.265,0.735,1.0
2025-12-11T03:28:15.462057,0.255,0.745,1.0
2025-12-11T03:28:16.072529,0.255,0.745,1.0
2025-12-11T03:28:16.677497,0.255,0.745,1.0
2025-12-11T03:28:17.277391,0.255,0.745,1.0
2025-12-11T03:28:17.890235,0.255,0.745,1.0
2025-12-11T03:28:18.503186,0.255,0.745,1.0
2025-12-11T03:28:17.522979,0.255,0.745,1.0
2025-12-11T03:28:18.143819,0.255,0.745,1.0
2025-12-11T03:28:18.755096,0.25,0.75,1.0
2025-12-11T03:28:19.360518,0.235,0.765,1.0
2025-12-11T03:28:19.969780,0.225,0.775,1.0
2025-12-11T03:28:20.586338,0.205,0.795,1.0
2025-12-11T03:28:21.192404,0.13,0.865,0.995
2025-12-11T03:28:21.799005,0.135,0.865,1.0
2025-12-11T03:28:22.406623,0.125,0.875,1.0
2025-12-11T03:28:23.017023,0.12,0.88,1.0
2025-12-11T03:28:23.627486,0.115,0.885,1.0
2025-12-11T03:28:24.242090,0.125,0.875,1.0
2025-12-11T03:28:24.863812,0.11,0.89,1.0
2025-12-11T03:28:25.469249,0.095,0.905,1.0
2025-12-11T03:28:26.080671,0.095,0.905,1.0
2025-12-11T03:28:26.690455,0.095,0.905,1.0
2025-12-11T03:28:27.304743,0.095,0.905,1.0
2025-12-11T03:28:27.919355,0.09,0.91,1.0
2025-12-11T03:28:28.535303,0.09,0.91,1.0
2025-12-11T03:28:29.146269,0.09,0.91,1.0
2025-12-11T03:28:29.755990,0.09,0.91,1.0
2025-12-11T03:28:30.372668,0.095,0.9,0.995
2025-12-11T03:28:30.986167,0.095,0.905,1.0
2025-12-11T03:28:31.582547,0.095,0.905,1.0
2025-12-11T03:28:32.195191,0.08,0.92,1.0
2025-12-11T03:28:32.811844,0.075,0.925,1.0
2025-12-11T03:28:33.424702,0.075,0.925,1.0
2025-12-11T03:28:34.034545,0.075,0.925,1.0
2025-12-11T03:28:34.646151,0.075,0.925,1.0
2025-12-11T03:28:35.255672,0.075,0.925,1.0
2025-12-11T03:28:35.858592,0.075,0.925,1.0
2025-12-11T03:28:36.470965,0.075,0.925,1.0
2025-12-11T03:28:37.089111,0.075,0.925,1.0
2025-12-11T03:28:37.705206,0.075,0.925,1.0
2025-12-11T03:28:38.328380,0.075,0.925,1.0
2025-12-11T03:28:38.947271,0.075,0.925,1.0
2025-12-11T03:28:39.575453,0.08,0.92,1.0
2025-12-11T03:28:40.190641,0.08,0.92,1.0
2025-12-11T03:28:40.802626,0.075,0.925,1.0
2025-12-11T03:28:41.415831,0.065,0.935,1.0
2025-12-11T03:28:42.014936,0.055,0.945,1.0
2025-12-11T03:28:42.632308,0.055,0.945,1.0
2025-12-11T03:28:43.245833,0.055,0.945,1.0
2025-12-11T03:28:43.853988,0.055,0.945,1.0
2025-12-11T03:28:44.546603,0.055,0.945,1.0
2025-12-11T03:28:45.157539,0.05,0.95,1.0
2025-12-11T03:28:45.779589,0.05,0.95,1.0
2025-12-11T03:28:46.388846,0.05,0.95,1.0
2025-12-11T03:28:47.001576,0.05,0.95,1.0
2025-12-11T03:28:47.613022,0.045,0.955,1.0
2025-12-11T03:28:48.207875,0.045,0.955,1.0
2025-12-11T03:28:48.820999,0.045,0.955,1.0
2025-12-11T03:28:49.433336,0.045,0.955,1.0
2025-12-11T03:28:48.445632,0.045,0.955,1.0
2025-12-11T03:28:49.056265,0.045,0.955,1.0
2025-12-11T03:28:49.670566,0.045,0.955,1.0
2025-12-11T03:28:50.286016,0.045,0.955,1.0
2025-12-11T03:28:50.887970,0.045,0.955,1.0
2025-12-11T03:28:51.498399,0.045,0.955,1.0
2025-12-11T03:28:52.112429,0.045,0.955,1.0
2025-12-11T03:28:52.723741,0.045,0.955,1.0
2025-12-11T03:28:53.352795,0.045,0.955,1.0
2025-12-11T03:28:53.962966,0.035,0.965,1.0
2025-12-11T03:28:54.572662,0.035,0.965,1.0
2025-12-11T03:28:55.179824,0.035,0.965,1.0
2025-12-11T03:28:55.790874,0.035,0.965,1.0
2025-12-11T03:28:56.407266,0.035,0.965,1.0
2025-12-11T03:28:57.022662,0.035,0.965,1.0
2025-12-11T03:28:57.637715,0.035,0.965,1.0
2025-12-11T03:28:58.242606,0.035,0.965,1.0
2025-12-11T03:28:58.853911,0.025,0.975,1.0
2025-12-11T03:28:59.468269,0.025,0.975,1.0
2025-12-11T03:29:00.083594,0.025,0.975,1.0
2025-12-11T03:29:00.697831,0.025,0.975,1.0
2025-12-11T03:29:01.305663,0.025,0.975,1.0
2025-12-11T03:29:01.914797,0.015,0.985,1.0
2025-12-11T03:29:02.532126,0.02,0.98,1.0
2025-12-11T03:29:03.149353,0.02,0.98,1.0
2025-12-11T03:29:03.766041,0.02,0.98,1.0
2025-12-11T03:29:04.388944,0.02,0.98,1.0
2025-12-11T03:29:05.002670,0.015,0.985,1.0
2025-12-11T03:29:05.611539,0.025,0.985,1.01
2025-12-11T03:29:06.214618,0.03,0.97,1.0
2025-12-11T03:29:06.823206,0.025,0.985,1.01
2025-12-11T03:29:07.444624,0.015,0.985,1.0
2025-12-11T03:29:08.053788,0.015,0.985,1.0
2025-12-11T03:29:08.665471,0.015,0.985,1.0
2025-12-11T03:29:09.279738,0.015,0.985,1.0
2025-12-11T03:29:09.895871,0.015,0.985,1.0
2025-12-11T03:29:10.504260,0.015,0.985,1.0
2025-12-11T03:29:11.122602,0.015,0.985,1.0
2025-12-11T03:29:11.724011,0.015,0.985,1.0
2025-12-11T03:29:12.335568,0.025,0.975,1.0
2025-12-11T03:29:12.964630,0.035,0.965,1.0
2025-12-11T03:29:13.579141,0.035,0.965,1.0
2025-12-11T03:29:14.186360,0.03,0.97,1.0
2025-12-11T03:29:14.803386,0.025,0.975,1.0
2025-12-11T03:29:15.423007,0.025,0.975,1.0
2025-12-11T03:29:16.033946,0.015,0.985,1.0
2025-12-11T03:29:16.652618,0.015,0.985,1.0
2025-12-11T03:29:17.278917,0.015,0.985,1.0
2025-12-11T03:29:17.898729,0.015,0.985,1.0
2025-12-11T03:29:18.514034,0.015,0.985,1.0
2025-12-11T03:29:19.111241,0.015,0.985,1.0
2025-12-11T03:29:19.735551,0.015,0.985,1.0
2025-12-11T03:29:18.743808,0.015,0.985,1.0
2025-12-11T03:29:19.357911,0.015,0.985,1.0
2025-12-11T03:29:19.974165,0.015,0.985,1.0
2025-12-11T03:29:20.579352,0.015,0.985,1.0
2025-12-11T03:29:21.193719,0.015,0.985,1.0
2025-12-11T03:29:21.806103,0.015,0.985,1.0
2025-12-11T03:29:22.416229,0.015,0.985,1.0
2025-12-11T03:29:23.029606,0.015,0.985,1.0
2025-12-11T03:29:23.638950,0.015,0.985,1.0
2025-12-11T03:29:24.250690,0.015,0.985,1.0
2025-12-11T03:29:24.861385,0.015,0.985,1.0
2025-12-11T03:29:25.485402,0.015,0.985,1.0
2025-12-11T03:29:26.097814,0.005,0.995,1.0
2025-12-11T03:29:26.697040,0.005,0.995,1.0
2025-12-11T03:29:27.309582,0.005,0.995,1.0
2025-12-11T03:29:27.920025,0.005,0.995,1.0
2025-12-11T03:29:28.516121,0.005,0.995,1.0
2025-12-11T03:29:29.164781,0.005,0.995,1.0
2025-12-11T03:29:29.776494,0.005,0.995,1.0
2025-12-11T03:29:30.400445,0.005,0.995,1.0
2025-12-11T03:29:30.999984,0.005,0.995,1.0
2025-12-11T03:29:31.611793,0.005,0.995,1.0
2025-12-11T03:29:32.212420,0.005,0.995,1.0
2025-12-11T03:29:32.824388,0.005,0.995,1.0
2025-12-11T03:29:33.421478,0.005,0.995,1.0
2025-12-11T03:29:34.020439,0.005,0.995,1.0
2025-12-11T03:29:34.628185,0.005,0.995,1.0
2025-12-11T03:29:35.255204,0.005,0.995,1.0
2025-12-11T03:29:35.869141,0.005,0.995,1.0
2025-12-11T03:29:36.473068,0.005,0.995,1.0
2025-12-11T03:29:37.076392,0.005,0.995,1.0
2025-12-11T03:29:37.677981,0.005,0.995,1.0
2025-12-11T03:29:38.290177,0.005,0.995,1.0
2025-12-11T03:29:38.903420,0.005,0.995,1.0
2025-12-11T03:29:39.514964,0.005,0.995,1.0
2025-12-11T03:29:40.111311,0.005,0.995,1.0
2025-12-11T03:29:40.712986,0.005,0.995,1.0
2025-12-11T03:29:41.325628,0.005,0.995,1.0
2025-12-11T03:29:41.938375,0.005,0.995,1.0
2025-12-11T03:29:42.559880,0.005,0.995,1.0
2025-12-11T03:29:43.178161,0.005,0.995,1.0
2025-12-11T03:29:43.792251,0.005,0.995,1.0
2025-12-11T03:29:44.404075,0.005,0.995,1.0
2025-12-11T03:29:45.017095,0.005,0.995,1.0
2025-12-11T03:29:45.627638,0.005,0.995,1.0
2025-12-11T03:29:46.274918,0.005,0.995,1.0
2025-12-11T03:29:46.882964,0.005,0.995,1.0
2025-12-11T03:29:47.479440,0.005,0.995,1.0
2025-12-11T03:29:48.089846,0.005,0.995,1.0
2025-12-11T03:29:48.694195,0.005,0.995,1.0
2025-12-11T03:29:49.318820,0.005,0.995,1.0
2025-12-11T03:29:49.931100,0.005,0.995,1.0
2025-12-11T03:29:50.537837,0.005,0.995,1.0
2025-12-11T03:29:49.544965,0.005,0.995,1.0
2025-12-11T03:29:50.145575,0.005,0.995,1.0
2025-12-11T03:29:50.753685,0.005,0.995,1.0
2025-12-11T03:29:51.356564,0.005,0.995,1.0
2025-12-11T03:29:51.965771,0.005,0.995,1.0
2025-12-11T03:29:52.573572,0.005,0.995,1.0
2025-12-11T03:29:53.182455,0.005,0.995,1.0
2025-12-11T03:29:53.792051,0.005,0.995,1.0
2025-12-11T03:29:54.401175,0.005,0.995,1.0
2025-12-11T03:29:55.002765,0.005,0.995,1.0
2025-12-11T03:29:55.614465,0.005,0.995,1.0
2025-12-11T03:29:56.220203,0.005,0.995,1.0
2025-12-11T03:29:56.829647,0.005,0.995,1.0
2025-12-11T03:29:57.442452,0.005,0.995,1.0
2025-12-11T03:29:58.052683,0.005,0.995,1.0
2025-12-11T03:29:58.662843,0.005,0.995,1.0
2025-12-11T03:29:59.275602,0.005,0.995,1.0
2025-12-11T03:29:59.886665,0.005,0.995,1.0
2025-12-11T03:30:00.488407,0.005,0.995,1.0
2025-12-11T03:30:01.108811,0.005,0.995,1.0
2025-12-11T03:30:01.717617,0.005,0.995,1.0
2025-12-11T03:30:02.337155,0.005,0.995,1.0
2025-12-11T03:30:02.940706,0.005,0.995,1.0
2025-12-11T03:30:03.555225,0.005,0.995,1.0
2025-12-11T03:30:04.168270,0.005,0.995,1.0
2025-12-11T03:30:04.776963,0.005,0.995,1.0
2025-12-11T03:30:05.397296,0.005,0.995,1.0
2025-12-11T03:30:06.011981,0.005,0.995,1.0
2025-12-11T03:30:06.625975,0.005,0.995,1.0
2025-12-11T03:30:07.240518,0.005,0.995,1.0
2025-12-11T03:30:07.850901,0.005,0.995,1.0
2025-12-11T03:30:08.463379,0.005,0.995,1.0
2025-12-11T03:30:09.070889,0.005,0.995,1.0
2025-12-11T03:30:09.685989,0.005,0.995,1.0
2025-12-11T03:30:10.293644,0.005,0.995,1.0
2025-12-11T03:30:10.893933,0.005,0.995,1.0
2025-12-11T03:30:11.503314,0.005,0.995,1.0
2025-12-11T03:30:12.116244,0.005,0.995,1.0
2025-12-11T03:30:12.730554,0.005,0.995,1.0
2025-12-11T03:30:13.345177,0.005,0.995,1.0
2025-12-11T03:30:13.957742,0.005,0.995,1.0
2025-12-11T03:30:14.568784,0.005,0.995,1.0
2025-12-11T03:30:15.173991,0.005,0.995,1.0
2025-12-11T03:30:15.784691,0.005,0.995,1.0
2025-12-11T03:30:16.396141,0.005,0.995,1.0
2025-12-11T03:30:16.996893,0.005,0.995,1.0
2025-12-11T03:30:17.609736,0.005,0.995,1.0
2025-12-11T03:30:18.224872,0.005,0.995,1.0
2025-12-11T03:30:18.835525,0.005,0.995,1.0
2025-12-11T03:30:19.445688,0.005,0.995,1.0
2025-12-11T03:30:20.052953,0.005,0.995,1.0
2025-12-11T03:30:20.668933,0.005,0.995,1.0
2025-12-11T03:30:21.288415,0.005,0.995,1.0
2025-12-11T03:30:20.307991,0.005,0.995,1.0
2025-12-11T03:30:20.918731,0.005,0.995,1.0
2025-12-11T03:30:21.527251,0.005,0.995,1.0
2025-12-11T03:30:22.135979,0.005,0.995,1.0
2025-12-11T03:30:22.746682,0.005,0.995,1.0
2025-12-11T03:30:23.367084,0.005,0.995,1.0
2025-12-11T03:30:23.968883,0.005,0.995,1.0
2025-12-11T03:30:24.578682,0.005,0.995,1.0
2025-12-11T03:30:25.193410,0.005,0.995,1.0
2025-12-11T03:30:25.803928,0.005,0.995,1.0
2025-12-11T03:30:26.411539,0.005,0.995,1.0
2025-12-11T03:30:27.023468,0.005,0.995,1.0
2025-12-11T03:30:27.638771,0.005,0.995,1.0
2025-12-11T03:30:28.255322,0.005,0.995,1.0
2025-12-11T03:30:28.870044,0.005,0.995,1.0
2025-12-11T03:30:29.478012,0.005,0.995,1.0
2025-12-11T03:30:30.072066,0.005,0.995,1.0
2025-12-11T03:30:30.681281,0.005,0.995,1.0
2025-12-11T03:30:31.291263,0.005,0.995,1.0
2025-12-11T03:30:31.903115,0.005,0.995,1.0
2025-12-11T03:30:32.512127,0.005,0.995,1.0
2025-12-11T03:30:33.122768,0.005,0.995,1.0
2025-12-11T03:30:33.743387,0.005,0.995,1.0
2025-12-11T03:30:34.343371,0.005,0.995,1.0
2025-12-11T03:30:34.952577,0.005,0.995,1.0
2025-12-11T03:30:35.568901,0.005,0.995,1.0
2025-12-11T03:30:36.181748,0.005,0.995,1.0
2025-12-11T03:30:36.793361,0.005,0.995,1.0
2025-12-11T03:30:37.403836,0.005,0.995,1.0
2025-12-11T03:30:38.022317,0.005,0.995,1.0
2025-12-11T03:30:38.631397,0.005,0.995,1.0
2025-12-11T03:30:39.280848,0.005,0.995,1.0
2025-12-11T03:30:39.892945,0.005,0.995,1.0
2025-12-11T03:30:40.490201,0.005,0.995,1.0
2025-12-11T03:30:41.114067,0.005,0.995,1.0
2025-12-11T03:30:41.730208,0.005,0.995,1.0
2025-12-11T03:30:42.338803,0.005,0.995,1.0
2025-12-11T03:30:42.950643,0.005,0.995,1.0
2025-12-11T03:30:43.567128,0.005,0.995,1.0
2025-12-11T03:30:44.182364,0.005,0.995,1.0
2025-12-11T03:30:44.783948,0.005,0.995,1.0
2025-12-11T03:30:45.386708,0.005,0.995,1.0
2025-12-11T03:30:46.000974,0.005,0.995,1.0
2025-12-11T03:30:46.619356,0.005,0.995,1.0
2025-12-11T03:30:47.232089,0.005,0.995,1.0
2025-12-11T03:30:47.843328,0.005,0.995,1.0
2025-12-11T03:30:48.456651,0.005,0.995,1.0
2025-12-11T03:30:49.069076,0.005,0.995,1.0
2025-12-11T03:30:49.683594,0.005,0.995,1.0
2025-12-11T03:30:50.286756,0.005,0.995,1.0
2025-12-11T03:30:50.928032,0.005,0.995,1.0
2025-12-11T03:30:51.538500,0.005,0.995,1.0
2025-12-11T03:30:50.528644,0.005,0.995,1.0
2025-12-11T03:30:51.143660,0.005,0.995,1.0
2025-12-11T03:30:51.745712,0.005,0.995,1.0
2025-12-11T03:30:52.359733,0.005,0.995,1.0
2025-12-11T03:30:52.971890,0.005,0.995,1.0
2025-12-11T03:30:53.580021,0.005,0.995,1.0
2025-12-11T03:30:54.176819,0.005,0.995,1.0
2025-12-11T03:30:54.776307,0.005,0.995,1.0
2025-12-11T03:30:55.388694,0.005,0.995,1.0
2025-12-11T03:30:56.002109,0.005,0.995,1.0
2025-12-11T03:30:56.616840,0.005,0.995,1.0
2025-12-11T03:30:57.228020,0.005,0.995,1.0
2025-12-11T03:30:57.848463,0.005,0.995,1.0
2025-12-11T03:30:58.449412,0.005,0.995,1.0
2025-12-11T03:30:59.062113,0.005,0.995,1.0
2025-12-11T03:30:59.656914,0.005,0.995,1.0
