timestamp,price_yes,price_no,sum_prices
2025-12-11T04:31:00.618196,0.485,0.515,1.0
2025-12-11T04:31:01.229537,0.485,0.515,1.0
2025-12-11T04:31:01.830614,0.485,0.515,1.0
2025-12-11T04:31:02.438404,0.49,0.505,0.995
2025-12-11T04:31:03.043411,0.495,0.505,1.0
2025-12-11T04:31:03.724747,0.48,0.52,1.0
2025-12-11T04:31:04.327899,0.475,0.525,1.0
2025-12-11T04:31:04.930172,0.475,0.525,1.0
2025-12-11T04:31:05.540753,0.475,0.525,1.0
2025-12-11T04:31:06.150888,0.465,0.535,1.0
2025-12-11T04:31:06.761251,0.455,0.545,1.0
2025-12-11T04:31:07.369316,0.445,0.555,1.0
2025-12-11T04:31:07.970212,0.435,0.565,1.0
2025-12-11T04:31:08.567019,0.435,0.565,1.0
2025-12-11T04:31:09.168124,0.435,0.565,1.0
2025-12-11T04:31:08.173703,0.445,0.555,1.0
2025-12-11T04:31:08.778130,0.445,0.555,1.0
2025-12-11T04:31:09.379099,0.445,0.555,1.0
2025-12-11T04:31:09.986204,0.445,0.555,1.0
2025-12-11T04:31:10.619069,0.455,0.54,0.9950000000000001
2025-12-11T04:31:11.216911,0.465,0.525,0.99
2025-12-11T04:31:11.823783,0.475,0.525,1.0
2025-12-11T04:31:12.451025,0.465,0.535,1.0
2025-12-11T04:31:13.057835,0.465,0.54,1.0050000000000001
2025-12-11T04:31:13.659094,0.46,0.535,0.9950000000000001
2025-12-11T04:31:14.270556,0.475,0.525,1.0
2025-12-11T04:31:14.876020,0.47,0.53,1.0
2025-12-11T04:31:15.479396,0.465,0.535,1.0
2025-12-11T04:31:16.083035,0.455,0.545,1.0
2025-12-11T04:31:16.680922,0.465,0.535,1.0
2025-12-11T04:31:17.297268,0.465,0.535,1.0
2025-12-11T04:31:17.909397,0.465,0.535,1.0
2025-12-11T04:31:18.512852,0.465,0.535,1.0
2025-12-11T04:31:19.123164,0.465,0.535,1.0
2025-12-11T04:31:19.716252,0.465,0.535,1.0
2025-12-11T04:31:20.322895,0.475,0.525,1.0
2025-12-11T04:31:20.961286,0.475,0.525,1.0
2025-12-11T04:31:21.569522,0.455,0.545,1.0
2025-12-11T04:31:22.181047,0.445,0.555,1.0
2025-12-11T04:31:22.788562,0.44,0.56,1.0
2025-12-11T04:31:23.389586,0.44,0.56,1.0
2025-12-11T04:31:23.984233,0.44,0.56,1.0
2025-12-11T04:31:24.585050,0.445,0.555,1.0
2025-12-11T04:31:25.184726,0.445,0.555,1.0
2025-12-11T04:31:25.787901,0.44,0.56,1.0
2025-12-11T04:31:26.392150,0.45,0.55,1.0
2025-12-11T04:31:26.989243,0.45,0.55,1.0
2025-12-11T04:31:27.596177,0.445,0.555,1.0
2025-12-11T04:31:28.193299,0.435,0.565,1.0
2025-12-11T04:31:28.799893,0.425,0.575,1.0
2025-12-11T04:31:29.400414,0.39,0.615,1.005
2025-12-11T04:31:29.995648,0.38,0.625,1.005
2025-12-11T04:31:30.594103,0.375,0.62,0.995
2025-12-11T04:31:31.190369,0.39,0.61,1.0
2025-12-11T04:31:31.790477,0.39,0.61,1.0
2025-12-11T04:31:32.399375,0.385,0.615,1.0
2025-12-11T04:31:33.003175,0.385,0.615,1.0
2025-12-11T04:31:33.603688,0.395,0.605,1.0
2025-12-11T04:31:34.203198,0.395,0.605,1.0
2025-12-11T04:31:34.805726,0.395,0.605,1.0
2025-12-11T04:31:35.401516,0.395,0.605,1.0
2025-12-11T04:31:35.998902,0.395,0.605,1.0
2025-12-11T04:31:36.596033,0.395,0.605,1.0
2025-12-11T04:31:37.200528,0.405,0.595,1.0
2025-12-11T04:31:37.809890,0.405,0.595,1.0
2025-12-11T04:31:38.409779,0.405,0.595,1.0
2025-12-11T04:31:39.011181,0.395,0.6,0.995
2025-12-11T04:31:39.618246,0.4,0.6,1.0
2025-12-11T04:31:40.222767,0.405,0.595,1.0
2025-12-11T04:31:39.215262,0.405,0.595,1.0
2025-12-11T04:31:39.819174,0.4,0.6,1.0
2025-12-11T04:31:40.417814,0.405,0.59,0.995
2025-12-11T04:31:41.015502,0.415,0.585,1.0
2025-12-11T04:31:41.611510,0.425,0.575,1.0
2025-12-11T04:31:42.210549,0.425,0.575,1.0
2025-12-11T04:31:42.806315,0.425,0.575,1.0
2025-12-11T04:31:43.406476,0.425,0.575,1.0
2025-12-11T04:31:44.025061,0.425,0.575,1.0
2025-12-11T04:31:44.630633,0.425,0.575,1.0
2025-12-11T04:31:45.221110,0.435,0.565,1.0
2025-12-11T04:31:45.831429,0.435,0.565,1.0
2025-12-11T04:31:46.445543,0.425,0.575,1.0
2025-12-11T04:31:47.060124,0.425,0.575,1.0
2025-12-11T04:31:47.676659,0.43,0.57,1.0
2025-12-11T04:31:48.294079,0.425,0.575,1.0
2025-12-11T04:31:48.904255,0.425,0.575,1.0
2025-12-11T04:31:49.505933,0.42,0.58,1.0
2025-12-11T04:31:50.113933,0.42,0.58,1.0
2025-12-11T04:31:50.729067,0.42,0.58,1.0
2025-12-11T04:31:51.346105,0.415,0.585,1.0
2025-12-11T04:31:51.955944,0.395,0.605,1.0
2025-12-11T04:31:52.561490,0.395,0.605,1.0
2025-12-11T04:31:53.169479,0.385,0.615,1.0
2025-12-11T04:31:53.779058,0.375,0.625,1.0
2025-12-11T04:31:54.390040,0.38,0.62,1.0
2025-12-11T04:31:55.006713,0.375,0.625,1.0
2025-12-11T04:31:55.617209,0.365,0.635,1.0
2025-12-11T04:31:56.234578,0.365,0.64,1.005
2025-12-11T04:31:56.861347,0.355,0.645,1.0
2025-12-11T04:31:57.470841,0.355,0.645,1.0
2025-12-11T04:31:58.074957,0.35,0.65,1.0
2025-12-11T04:31:58.689139,0.36,0.64,1.0
2025-12-11T04:31:59.297825,0.365,0.635,1.0
2025-12-11T04:31:59.901532,0.365,0.635,1.0
2025-12-11T04:32:00.523954,0.365,0.635,1.0
2025-12-11T04:32:01.131623,0.375,0.625,1.0
2025-12-11T04:32:01.739943,0.375,0.625,1.0
2025-12-11T04:32:02.359766,0.385,0.615,1.0
2025-12-11T04:32:02.995751,0.395,0.605,1.0
2025-12-11T04:32:03.615173,0.415,0.585,1.0
2025-12-11T04:32:04.223377,0.415,0.585,1.0
2025-12-11T04:32:04.842323,0.405,0.595,1.0
2025-12-11T04:32:05.502406,0.39,0.61,1.0
2025-12-11T04:32:06.099580,0.375,0.625,1.0
2025-12-11T04:32:06.712467,0.41,0.59,1.0
2025-12-11T04:32:07.318513,0.385,0.615,1.0
2025-12-11T04:32:07.930769,0.385,0.615,1.0
2025-12-11T04:32:08.544805,0.385,0.615,1.0
2025-12-11T04:32:09.158074,0.375,0.625,1.0
2025-12-11T04:32:09.764029,0.385,0.615,1.0
2025-12-11T04:32:10.368486,0.385,0.615,1.0
2025-12-11T04:32:09.416318,0.385,0.615,1.0
2025-12-11T04:32:10.026758,0.385,0.615,1.0
2025-12-11T04:32:10.638215,0.385,0.615,1.0
2025-12-11T04:32:11.248097,0.385,0.61,0.995
2025-12-11T04:32:11.865063,0.395,0.605,1.0
2025-12-11T04:32:12.481363,0.415,0.585,1.0
2025-12-11T04:32:13.088922,0.415,0.585,1.0
2025-12-11T04:32:13.699029,0.425,0.575,1.0
2025-12-11T04:32:14.316459,0.435,0.565,1.0
2025-12-11T04:32:14.936004,0.435,0.565,1.0
2025-12-11T04:32:15.544547,0.415,0.585,1.0
2025-12-11T04:32:16.153198,0.405,0.595,1.0
2025-12-11T04:32:16.769273,0.405,0.595,1.0
2025-12-11T04:32:17.380447,0.41,0.59,1.0
2025-12-11T04:32:17.992647,0.415,0.585,1.0
2025-12-11T04:32:18.601061,0.425,0.545,0.97
2025-12-11T04:32:19.206101,0.445,0.555,1.0
2025-12-11T04:32:19.819624,0.44,0.545,0.9850000000000001
2025-12-11T04:32:20.418322,0.45,0.55,1.0
2025-12-11T04:32:21.029631,0.435,0.565,1.0
2025-12-11T04:32:21.639732,0.425,0.575,1.0
2025-12-11T04:32:22.250903,0.425,0.575,1.0
2025-12-11T04:32:22.859463,0.425,0.575,1.0
2025-12-11T04:32:23.468862,0.42,0.58,1.0
2025-12-11T04:32:24.082841,0.415,0.585,1.0
2025-12-11T04:32:24.695341,0.405,0.6,1.005
2025-12-11T04:32:25.308893,0.4,0.615,1.0150000000000001
2025-12-11T04:32:25.922458,0.395,0.605,1.0
2025-12-11T04:32:26.534932,0.4,0.6,1.0
2025-12-11T04:32:27.148514,0.405,0.595,1.0
2025-12-11T04:32:27.765346,0.405,0.595,1.0
2025-12-11T04:32:28.375090,0.405,0.595,1.0
2025-12-11T04:32:28.977137,0.415,0.585,1.0
2025-12-11T04:32:29.576088,0.425,0.575,1.0
2025-12-11T04:32:30.181724,0.425,0.575,1.0
2025-12-11T04:32:30.787392,0.425,0.575,1.0
2025-12-11T04:32:31.394277,0.425,0.57,0.9949999999999999
2025-12-11T04:32:31.997415,0.435,0.565,1.0
2025-12-11T04:32:32.596180,0.415,0.585,1.0
2025-12-11T04:32:33.198023,0.415,0.585,1.0
2025-12-11T04:32:33.800228,0.415,0.585,1.0
2025-12-11T04:32:34.402290,0.395,0.605,1.0
2025-12-11T04:32:35.008732,0.385,0.615,1.0
2025-12-11T04:32:35.609016,0.375,0.625,1.0
2025-12-11T04:32:36.213037,0.37,0.635,1.005
2025-12-11T04:32:36.816807,0.365,0.635,1.0
2025-12-11T04:32:37.419082,0.365,0.635,1.0
2025-12-11T04:32:38.020558,0.355,0.645,1.0
2025-12-11T04:32:38.622524,0.355,0.645,1.0
2025-12-11T04:32:39.220738,0.355,0.645,1.0
2025-12-11T04:32:39.817674,0.355,0.645,1.0
2025-12-11T04:32:40.421416,0.345,0.655,1.0
2025-12-11T04:32:41.024587,0.355,0.645,1.0
2025-12-11T04:32:41.628142,0.355,0.645,1.0
2025-12-11T04:32:40.644007,0.355,0.645,1.0
2025-12-11T04:32:41.251170,0.355,0.645,1.0
2025-12-11T04:32:41.860595,0.355,0.65,1.005
2025-12-11T04:32:42.475720,0.345,0.655,1.0
2025-12-11T04:32:43.080384,0.345,0.655,1.0
2025-12-11T04:32:43.682042,0.355,0.645,1.0
2025-12-11T04:32:44.280858,0.355,0.645,1.0
2025-12-11T04:32:44.886173,0.355,0.645,1.0
2025-12-11T04:32:45.490824,0.355,0.645,1.0
2025-12-11T04:32:46.098488,0.35,0.65,1.0
2025-12-11T04:32:46.717808,0.345,0.655,1.0
2025-12-11T04:32:47.320297,0.335,0.665,1.0
2025-12-11T04:32:47.928764,0.335,0.665,1.0
2025-12-11T04:32:48.531614,0.335,0.665,1.0
2025-12-11T04:32:49.135492,0.335,0.665,1.0
2025-12-11T04:32:49.766616,0.325,0.675,1.0
2025-12-11T04:32:50.377488,0.325,0.675,1.0
2025-12-11T04:32:50.979404,0.325,0.675,1.0
2025-12-11T04:32:51.584986,0.325,0.675,1.0
2025-12-11T04:32:52.196776,0.325,0.675,1.0
2025-12-11T04:32:52.798576,0.325,0.675,1.0
2025-12-11T04:32:53.404909,0.325,0.675,1.0
2025-12-11T04:32:54.060704,0.325,0.675,1.0
2025-12-11T04:32:54.667307,0.325,0.675,1.0
2025-12-11T04:32:55.295048,0.32,0.68,1.0
2025-12-11T04:32:55.896149,0.32,0.675,0.9950000000000001
2025-12-11T04:32:56.503257,0.325,0.675,1.0
2025-12-11T04:32:57.117640,0.315,0.685,1.0
2025-12-11T04:32:57.722189,0.32,0.68,1.0
2025-12-11T04:32:58.324446,0.325,0.675,1.0
2025-12-11T04:32:58.927044,0.315,0.685,1.0
2025-12-11T04:32:59.532386,0.305,0.695,1.0
2025-12-11T04:33:00.137703,0.305,0.695,1.0
2025-12-11T04:33:00.746285,0.3,0.7,1.0
2025-12-11T04:33:01.351724,0.3,0.7,1.0
2025-12-11T04:33:01.950891,0.305,0.695,1.0
2025-12-11T04:33:02.559714,0.295,0.705,1.0
2025-12-11T04:33:03.197411,0.295,0.705,1.0
2025-12-11T04:33:03.805309,0.295,0.705,1.0
2025-12-11T04:33:04.408828,0.295,0.705,1.0
2025-12-11T04:33:05.025606,0.295,0.705,1.0
2025-12-11T04:33:05.642549,0.295,0.705,1.0
2025-12-11T04:33:06.239609,0.295,0.7,0.9949999999999999
2025-12-11T04:33:06.853874,0.305,0.69,0.9949999999999999
2025-12-11T04:33:07.458428,0.315,0.685,1.0
2025-12-11T04:33:08.060187,0.315,0.685,1.0
2025-12-11T04:33:08.664658,0.315,0.685,1.0
2025-12-11T04:33:09.263970,0.315,0.685,1.0
2025-12-11T04:33:09.864028,0.325,0.675,1.0
2025-12-11T04:33:10.464621,0.335,0.66,0.9950000000000001
2025-12-11T04:33:11.071756,0.34,0.66,1.0
2025-12-11T04:33:11.674387,0.345,0.655,1.0
2025-12-11T04:33:10.700324,0.345,0.645,0.99
2025-12-11T04:33:11.302449,0.365,0.635,1.0
2025-12-11T04:33:11.907351,0.365,0.635,1.0
2025-12-11T04:33:12.511762,0.37,0.63,1.0
2025-12-11T04:33:13.114522,0.37,0.63,1.0
2025-12-11T04:33:13.721462,0.37,0.63,1.0
2025-12-11T04:33:14.321751,0.375,0.625,1.0
2025-12-11T04:33:14.927958,0.365,0.635,1.0
2025-12-11T04:33:15.531416,0.365,0.635,1.0
2025-12-11T04:33:16.131825,0.375,0.625,1.0
2025-12-11T04:33:16.732768,0.375,0.625,1.0
2025-12-11T04:33:17.336490,0.385,0.615,1.0
2025-12-11T04:33:17.933759,0.395,0.605,1.0
2025-12-11T04:33:18.535579,0.395,0.605,1.0
2025-12-11T04:33:19.144193,0.395,0.605,1.0
2025-12-11T04:33:19.757710,0.395,0.605,1.0
2025-12-11T04:33:20.368013,0.395,0.605,1.0
2025-12-11T04:33:20.992667,0.405,0.595,1.0
2025-12-11T04:33:21.603853,0.405,0.595,1.0
2025-12-11T04:33:22.214088,0.425,0.575,1.0
2025-12-11T04:33:22.822151,0.42,0.58,1.0
2025-12-11T04:33:23.435815,0.415,0.585,1.0
2025-12-11T04:33:24.053927,0.425,0.575,1.0
2025-12-11T04:33:24.651347,0.425,0.575,1.0
2025-12-11T04:33:25.259158,0.425,0.575,1.0
2025-12-11T04:33:25.873958,0.425,0.575,1.0
2025-12-11T04:33:26.482145,0.425,0.575,1.0
2025-12-11T04:33:27.094102,0.425,0.575,1.0
2025-12-11T04:33:27.704741,0.415,0.585,1.0
2025-12-11T04:33:28.333879,0.415,0.585,1.0
2025-12-11T04:33:28.942062,0.415,0.585,1.0
2025-12-11T04:33:29.549976,0.415,0.585,1.0
2025-12-11T04:33:30.159323,0.405,0.595,1.0
2025-12-11T04:33:30.766031,0.405,0.595,1.0
2025-12-11T04:33:31.385509,0.405,0.595,1.0
2025-12-11T04:33:31.997517,0.395,0.605,1.0
2025-12-11T04:33:32.612975,0.395,0.605,1.0
2025-12-11T04:33:33.227501,0.395,0.605,1.0
2025-12-11T04:33:33.826198,0.4,0.6,1.0
2025-12-11T04:33:34.433476,0.405,0.595,1.0
2025-12-11T04:33:35.048563,0.39,0.605,0.995
2025-12-11T04:33:35.653651,0.395,0.605,1.0
2025-12-11T04:33:36.257712,0.395,0.605,1.0
2025-12-11T04:33:36.867268,0.395,0.605,1.0
2025-12-11T04:33:37.471948,0.405,0.595,1.0
2025-12-11T04:33:38.075933,0.405,0.595,1.0
2025-12-11T04:33:38.684320,0.415,0.585,1.0
2025-12-11T04:33:39.289399,0.425,0.575,1.0
2025-12-11T04:33:39.891009,0.425,0.575,1.0
2025-12-11T04:33:40.499262,0.425,0.575,1.0
2025-12-11T04:33:41.115771,0.425,0.575,1.0
2025-12-11T04:33:41.718742,0.425,0.575,1.0
2025-12-11T04:33:42.320213,0.425,0.575,1.0
2025-12-11T04:33:42.933268,0.42,0.58,1.0
2025-12-11T04:33:41.951946,0.42,0.58,1.0
2025-12-11T04:33:42.558747,0.42,0.58,1.0
2025-12-11T04:33:43.152604,0.425,0.575,1.0
2025-12-11T04:33:43.758651,0.42,0.58,1.0
2025-12-11T04:33:44.363576,0.42,0.585,1.005
2025-12-11T04:33:44.968003,0.405,0.595,1.0
2025-12-11T04:33:45.574173,0.4,0.6,1.0
2025-12-11T04:33:46.178305,0.39,0.61,1.0
2025-12-11T04:33:46.784091,0.395,0.605,1.0
2025-12-11T04:33:47.387837,0.4,0.6,1.0
2025-12-11T04:33:47.988228,0.405,0.595,1.0
2025-12-11T04:33:48.593382,0.4,0.595,0.995
2025-12-11T04:33:49.204044,0.405,0.595,1.0
2025-12-11T04:33:49.807085,0.41,0.59,1.0
2025-12-11T04:33:50.408403,0.405,0.595,1.0
2025-12-11T04:33:51.017797,0.395,0.605,1.0
2025-12-11T04:33:51.625378,0.4,0.6,1.0
2025-12-11T04:33:52.235234,0.4,0.6,1.0
2025-12-11T04:33:52.833277,0.4,0.605,1.005
2025-12-11T04:33:53.433891,0.4,0.6,1.0
2025-12-11T04:33:54.036040,0.4,0.6,1.0
2025-12-11T04:33:54.641459,0.385,0.615,1.0
2025-12-11T04:33:55.244092,0.375,0.625,1.0
2025-12-11T04:33:55.852358,0.37,0.635,1.005
2025-12-11T04:33:56.450999,0.37,0.63,1.0
2025-12-11T04:33:57.052189,0.37,0.63,1.0
2025-12-11T04:33:57.657433,0.36,0.635,0.995
2025-12-11T04:33:58.260023,0.365,0.645,1.01
2025-12-11T04:33:58.861336,0.345,0.655,1.0
2025-12-11T04:33:59.470032,0.34,0.66,1.0
2025-12-11T04:34:00.074495,0.335,0.665,1.0
2025-12-11T04:34:00.682491,0.345,0.675,1.02
2025-12-11T04:34:01.294828,0.335,0.66,0.9950000000000001
2025-12-11T04:34:01.896720,0.34,0.66,1.0
2025-12-11T04:34:02.502662,0.325,0.675,1.0
2025-12-11T04:34:03.104738,0.32,0.68,1.0
2025-12-11T04:34:03.715022,0.325,0.675,1.0
2025-12-11T04:34:04.324799,0.335,0.665,1.0
2025-12-11T04:34:04.923559,0.355,0.645,1.0
2025-12-11T04:34:05.530294,0.34,0.66,1.0
2025-12-11T04:34:06.135925,0.335,0.665,1.0
2025-12-11T04:34:06.741042,0.34,0.66,1.0
2025-12-11T04:34:07.340107,0.335,0.665,1.0
2025-12-11T04:34:07.941987,0.35,0.65,1.0
2025-12-11T04:34:08.542258,0.345,0.655,1.0
2025-12-11T04:34:09.136097,0.345,0.655,1.0
2025-12-11T04:34:09.740798,0.35,0.65,1.0
2025-12-11T04:34:10.355934,0.345,0.655,1.0
2025-12-11T04:34:10.963769,0.345,0.655,1.0
2025-12-11T04:34:11.582087,0.335,0.665,1.0
2025-12-11T04:34:12.183162,0.335,0.665,1.0
2025-12-11T04:34:12.785248,0.335,0.665,1.0
2025-12-11T04:34:13.391364,0.335,0.665,1.0
2025-12-11T04:34:12.407060,0.335,0.665,1.0
2025-12-11T04:34:13.001380,0.335,0.665,1.0
2025-12-11T04:34:13.661926,0.345,0.655,1.0
2025-12-11T04:34:14.269966,0.35,0.65,1.0
2025-12-11T04:34:14.868304,0.345,0.655,1.0
2025-12-11T04:34:15.468341,0.345,0.655,1.0
2025-12-11T04:34:16.082676,0.345,0.655,1.0
2025-12-11T04:34:16.689153,0.34,0.66,1.0
2025-12-11T04:34:17.323430,0.34,0.66,1.0
2025-12-11T04:34:17.933424,0.34,0.66,1.0
2025-12-11T04:34:18.542293,0.335,0.665,1.0
2025-12-11T04:34:19.158573,0.335,0.665,1.0
2025-12-11T04:34:19.772268,0.335,0.665,1.0
2025-12-11T04:34:20.383400,0.335,0.665,1.0
2025-12-11T04:34:20.992748,0.335,0.665,1.0
2025-12-11T04:34:21.600834,0.335,0.665,1.0
2025-12-11T04:34:22.205453,0.335,0.665,1.0
2025-12-11T04:34:22.810766,0.335,0.665,1.0
2025-12-11T04:34:23.421292,0.335,0.665,1.0
2025-12-11T04:34:24.031994,0.335,0.665,1.0
2025-12-11T04:34:24.639077,0.335,0.665,1.0
2025-12-11T04:34:25.258471,0.335,0.665,1.0
2025-12-11T04:34:25.870834,0.335,0.665,1.0
2025-12-11T04:34:26.480390,0.335,0.665,1.0
2025-12-11T04:34:27.105614,0.34,0.66,1.0
2025-12-11T04:34:27.716627,0.34,0.66,1.0
2025-12-11T04:34:28.330431,0.34,0.66,1.0
2025-12-11T04:34:28.938976,0.34,0.66,1.0
2025-12-11T04:34:29.549994,0.34,0.66,1.0
2025-12-11T04:34:30.163248,0.34,0.66,1.0
2025-12-11T04:34:30.772754,0.34,0.66,1.0
2025-12-11T04:34:31.386839,0.34,0.66,1.0
2025-12-11T04:34:32.033236,0.34,0.66,1.0
2025-12-11T04:34:32.656544,0.335,0.665,1.0
2025-12-11T04:34:33.265394,0.325,0.675,1.0
2025-12-11T04:34:33.880725,0.325,0.675,1.0
2025-12-11T04:34:34.490795,0.345,0.655,1.0
2025-12-11T04:34:35.098341,0.345,0.655,1.0
2025-12-11T04:34:35.710220,0.345,0.655,1.0
2025-12-11T04:34:36.326795,0.34,0.66,1.0
2025-12-11T04:34:36.944769,0.34,0.66,1.0
2025-12-11T04:34:37.571475,0.34,0.66,1.0
2025-12-11T04:34:38.178858,0.34,0.66,1.0
2025-12-11T04:34:38.791447,0.34,0.66,1.0
2025-12-11T04:34:39.398075,0.34,0.66,1.0
2025-12-11T04:34:40.002298,0.34,0.66,1.0
2025-12-11T04:34:40.610544,0.335,0.665,1.0
2025-12-11T04:34:41.224644,0.335,0.665,1.0
2025-12-11T04:34:41.837474,0.335,0.665,1.0
2025-12-11T04:34:42.480947,0.345,0.655,1.0
2025-12-11T04:34:43.094008,0.345,0.655,1.0
2025-12-11T04:34:43.710319,0.345,0.655,1.0
2025-12-11T04:34:42.740714,0.355,0.645,1.0
2025-12-11T04:34:43.357725,0.355,0.65,1.005
2025-12-11T04:34:43.974603,0.35,0.65,1.0
2025-12-11T04:34:44.579043,0.355,0.645,1.0
2025-12-11T04:34:45.189297,0.375,0.62,0.995
2025-12-11T04:34:45.800789,0.415,0.585,1.0
2025-12-11T04:34:46.408140,0.43,0.575,1.005
2025-12-11T04:34:47.017221,0.435,0.565,1.0
2025-12-11T04:34:47.621824,0.455,0.545,1.0
2025-12-11T04:34:48.228063,0.455,0.545,1.0
2025-12-11T04:34:48.838223,0.455,0.545,1.0
2025-12-11T04:34:49.447884,0.455,0.545,1.0
2025-12-11T04:34:50.060904,0.455,0.545,1.0
2025-12-11T04:34:50.668174,0.415,0.595,1.01
2025-12-11T04:34:51.277820,0.415,0.575,0.99
2025-12-11T04:34:51.914395,0.425,0.575,1.0
2025-12-11T04:34:52.517920,0.395,0.605,1.0
2025-12-11T04:34:53.125664,0.4,0.6,1.0
2025-12-11T04:34:53.749815,0.395,0.605,1.0
2025-12-11T04:34:54.358213,0.405,0.595,1.0
2025-12-11T04:34:54.979428,0.405,0.595,1.0
2025-12-11T04:34:55.591584,0.405,0.595,1.0
2025-12-11T04:34:56.207168,0.395,0.605,1.0
2025-12-11T04:34:56.815254,0.395,0.605,1.0
2025-12-11T04:34:57.430937,0.385,0.615,1.0
2025-12-11T04:34:58.046168,0.39,0.61,1.0
2025-12-11T04:34:58.662208,0.395,0.605,1.0
2025-12-11T04:34:59.273818,0.395,0.605,1.0
2025-12-11T04:34:59.868175,0.4,0.6,1.0
2025-12-11T04:35:00.462785,0.4,0.6,1.0
2025-12-11T04:35:01.069813,0.4,0.6,1.0
2025-12-11T04:35:01.679783,0.405,0.595,1.0
2025-12-11T04:35:02.302788,0.385,0.615,1.0
2025-12-11T04:35:02.916504,0.395,0.595,0.99
2025-12-11T04:35:03.520942,0.415,0.585,1.0
2025-12-11T04:35:04.131947,0.42,0.58,1.0
2025-12-11T04:35:04.740943,0.42,0.58,1.0
2025-12-11T04:35:05.354603,0.42,0.58,1.0
2025-12-11T04:35:05.955374,0.42,0.575,0.9949999999999999
2025-12-11T04:35:06.565062,0.435,0.565,1.0
2025-12-11T04:35:07.162967,0.445,0.56,1.0050000000000001
2025-12-11T04:35:07.776787,0.44,0.56,1.0
2025-12-11T04:35:08.385771,0.435,0.565,1.0
2025-12-11T04:35:08.995379,0.43,0.57,1.0
2025-12-11T04:35:09.625462,0.425,0.575,1.0
2025-12-11T04:35:10.234438,0.435,0.565,1.0
2025-12-11T04:35:10.844051,0.42,0.575,0.9949999999999999
2025-12-11T04:35:11.457244,0.445,0.555,1.0
2025-12-11T04:35:12.069087,0.445,0.555,1.0
2025-12-11T04:35:12.676676,0.445,0.555,1.0
2025-12-11T04:35:13.299669,0.445,0.56,1.0050000000000001
2025-12-11T04:35:13.912970,0.435,0.565,1.0
2025-12-11T04:35:14.521876,0.415,0.585,1.0
2025-12-11T04:35:13.544768,0.41,0.595,1.005
2025-12-11T04:35:14.159079,0.41,0.59,1.0
2025-12-11T04:35:14.766373,0.41,0.59,1.0
2025-12-11T04:35:15.380136,0.405,0.595,1.0
2025-12-11T04:35:15.987943,0.415,0.585,1.0
2025-12-11T04:35:16.597021,0.425,0.575,1.0
2025-12-11T04:35:17.214065,0.425,0.575,1.0
2025-12-11T04:35:17.826821,0.42,0.575,0.9949999999999999
2025-12-11T04:35:18.434229,0.425,0.575,1.0
2025-12-11T04:35:19.036997,0.425,0.575,1.0
2025-12-11T04:35:19.642905,0.425,0.575,1.0
2025-12-11T04:35:20.252681,0.425,0.575,1.0
2025-12-11T04:35:20.847933,0.435,0.565,1.0
2025-12-11T04:35:21.460230,0.445,0.555,1.0
2025-12-11T04:35:22.070939,0.45,0.545,0.9950000000000001
2025-12-11T04:35:22.671901,0.455,0.545,1.0
2025-12-11T04:35:23.275697,0.455,0.545,1.0
2025-12-11T04:35:23.892744,0.455,0.545,1.0
2025-12-11T04:35:24.501273,0.455,0.545,1.0
2025-12-11T04:35:25.108909,0.455,0.545,1.0
2025-12-11T04:35:25.711292,0.455,0.545,1.0
2025-12-11T04:35:26.322201,0.455,0.545,1.0
2025-12-11T04:35:26.923371,0.455,0.545,1.0
2025-12-11T04:35:27.539024,0.455,0.545,1.0
2025-12-11T04:35:28.146904,0.46,0.54,1.0
2025-12-11T04:35:28.760336,0.455,0.545,1.0
2025-12-11T04:35:29.362378,0.465,0.535,1.0
2025-12-11T04:35:29.969662,0.465,0.535,1.0
2025-12-11T04:35:30.579776,0.475,0.525,1.0
2025-12-11T04:35:31.191582,0.485,0.515,1.0
2025-12-11T04:35:31.803394,0.485,0.515,1.0
2025-12-11T04:35:32.407606,0.495,0.505,1.0
2025-12-11T04:35:33.017948,0.495,0.505,1.0
2025-12-11T04:35:33.618948,0.485,0.515,1.0
2025-12-11T04:35:34.228410,0.485,0.515,1.0
2025-12-11T04:35:34.837207,0.485,0.515,1.0
2025-12-11T04:35:35.445591,0.485,0.515,1.0
2025-12-11T04:35:36.056712,0.49,0.51,1.0
2025-12-11T04:35:36.674614,0.495,0.505,1.0
2025-12-11T04:35:37.294465,0.495,0.505,1.0
2025-12-11T04:35:37.899815,0.505,0.495,1.0
2025-12-11T04:35:38.503087,0.505,0.495,1.0
2025-12-11T04:35:39.111665,0.505,0.505,1.01
2025-12-11T04:35:39.703960,0.5,0.5,1.0
2025-12-11T04:35:40.312007,0.5,0.5,1.0
2025-12-11T04:35:40.921462,0.495,0.505,1.0
2025-12-11T04:35:41.528515,0.495,0.505,1.0
2025-12-11T04:35:42.140140,0.495,0.505,1.0
2025-12-11T04:35:42.756880,0.495,0.505,1.0
2025-12-11T04:35:43.367781,0.495,0.505,1.0
2025-12-11T04:35:43.973597,0.495,0.505,1.0
2025-12-11T04:35:44.583072,0.495,0.505,1.0
2025-12-11T04:35:45.189272,0.505,0.495,1.0
2025-12-11T04:35:44.237369,0.5,0.5,1.0
2025-12-11T04:35:44.877691,0.495,0.505,1.0
2025-12-11T04:35:45.481023,0.495,0.505,1.0
2025-12-11T04:35:46.091475,0.505,0.495,1.0
2025-12-11T04:35:46.709996,0.505,0.495,1.0
2025-12-11T04:35:47.326948,0.505,0.495,1.0
2025-12-11T04:35:47.937712,0.515,0.485,1.0
2025-12-11T04:35:48.552196,0.515,0.485,1.0
2025-12-11T04:35:49.163631,0.52,0.48,1.0
2025-12-11T04:35:49.790798,0.52,0.48,1.0
2025-12-11T04:35:50.400270,0.525,0.47,0.995
2025-12-11T04:35:51.013092,0.535,0.47,1.005
2025-12-11T04:35:51.631519,0.535,0.465,1.0
2025-12-11T04:35:52.248233,0.545,0.455,1.0
2025-12-11T04:35:52.854880,0.555,0.445,1.0
2025-12-11T04:35:53.457867,0.555,0.44,0.9950000000000001
2025-12-11T04:35:54.058529,0.555,0.445,1.0
2025-12-11T04:35:54.672343,0.555,0.445,1.0
2025-12-11T04:35:55.282355,0.555,0.445,1.0
2025-12-11T04:35:55.894403,0.565,0.435,1.0
2025-12-11T04:35:56.511733,0.575,0.425,1.0
2025-12-11T04:35:57.119655,0.565,0.435,1.0
2025-12-11T04:35:57.733462,0.565,0.435,1.0
2025-12-11T04:35:58.330614,0.57,0.43,1.0
2025-12-11T04:35:58.945039,0.57,0.43,1.0
2025-12-11T04:35:59.543789,0.575,0.43,1.005
2025-12-11T04:36:00.150300,0.585,0.415,1.0
2025-12-11T04:36:00.748607,0.585,0.42,1.005
2025-12-11T04:36:01.357747,0.58,0.425,1.005
2025-12-11T04:36:01.965352,0.56,0.44,1.0
2025-12-11T04:36:02.575489,0.58,0.42,1.0
2025-12-11T04:36:03.173409,0.595,0.405,1.0
2025-12-11T04:36:03.782231,0.615,0.385,1.0
2025-12-11T04:36:04.389767,0.605,0.405,1.01
2025-12-11T04:36:04.997393,0.595,0.405,1.0
2025-12-11T04:36:05.611174,0.605,0.395,1.0
2025-12-11T04:36:06.219975,0.615,0.39,1.005
2025-12-11T04:36:06.816165,0.605,0.4,1.005
2025-12-11T04:36:07.419321,0.595,0.405,1.0
2025-12-11T04:36:08.029738,0.605,0.395,1.0
2025-12-11T04:36:08.632160,0.625,0.375,1.0
2025-12-11T04:36:09.243077,0.62,0.38,1.0
2025-12-11T04:36:09.855902,0.625,0.37,0.995
2025-12-11T04:36:10.465112,0.635,0.365,1.0
2025-12-11T04:36:11.075276,0.635,0.365,1.0
2025-12-11T04:36:11.687970,0.635,0.365,1.0
2025-12-11T04:36:12.299604,0.645,0.355,1.0
2025-12-11T04:36:12.903274,0.635,0.365,1.0
2025-12-11T04:36:13.515426,0.62,0.38,1.0
2025-12-11T04:36:14.115057,0.615,0.385,1.0
2025-12-11T04:36:14.714713,0.615,0.385,1.0
2025-12-11T04:36:15.322894,0.615,0.385,1.0
2025-12-11T04:36:15.925415,0.615,0.385,1.0
2025-12-11T04:36:14.969606,0.615,0.385,1.0
2025-12-11T04:36:15.581936,0.63,0.365,0.995
2025-12-11T04:36:16.184784,0.645,0.355,1.0
2025-12-11T04:36:16.794994,0.665,0.335,1.0
2025-12-11T04:36:17.399575,0.66,0.345,1.005
2025-12-11T04:36:18.008561,0.67,0.33,1.0
2025-12-11T04:36:18.618640,0.675,0.325,1.0
2025-12-11T04:36:19.221818,0.69,0.31,1.0
2025-12-11T04:36:19.821115,0.69,0.31,1.0
2025-12-11T04:36:20.430672,0.685,0.315,1.0
2025-12-11T04:36:21.037397,0.68,0.32,1.0
2025-12-11T04:36:21.651734,0.68,0.32,1.0
2025-12-11T04:36:22.257766,0.685,0.315,1.0
2025-12-11T04:36:22.853009,0.7,0.3,1.0
2025-12-11T04:36:23.469915,0.7,0.3,1.0
2025-12-11T04:36:24.083256,0.695,0.305,1.0
2025-12-11T04:36:24.693347,0.7,0.3,1.0
2025-12-11T04:36:25.305565,0.7,0.3,1.0
2025-12-11T04:36:25.961804,0.7,0.295,0.9949999999999999
2025-12-11T04:36:26.563092,0.715,0.285,1.0
2025-12-11T04:36:27.164696,0.71,0.29,1.0
2025-12-11T04:36:27.764353,0.695,0.305,1.0
2025-12-11T04:36:28.371462,0.675,0.325,1.0
2025-12-11T04:36:28.978339,0.665,0.335,1.0
2025-12-11T04:36:29.572592,0.655,0.345,1.0
2025-12-11T04:36:30.175478,0.645,0.355,1.0
2025-12-11T04:36:30.771195,0.645,0.355,1.0
2025-12-11T04:36:31.379094,0.65,0.345,0.995
2025-12-11T04:36:31.973241,0.665,0.335,1.0
2025-12-11T04:36:32.570574,0.665,0.335,1.0
2025-12-11T04:36:33.167305,0.65,0.355,1.005
2025-12-11T04:36:33.769654,0.645,0.355,1.0
2025-12-11T04:36:34.365441,0.64,0.36,1.0
2025-12-11T04:36:34.960438,0.64,0.36,1.0
2025-12-11T04:36:35.558406,0.64,0.36,1.0
2025-12-11T04:36:36.161551,0.645,0.355,1.0
2025-12-11T04:36:36.761834,0.645,0.355,1.0
2025-12-11T04:36:37.367423,0.635,0.365,1.0
2025-12-11T04:36:37.983244,0.645,0.355,1.0
2025-12-11T04:36:38.586475,0.655,0.345,1.0
2025-12-11T04:36:39.187115,0.655,0.345,1.0
2025-12-11T04:36:39.792755,0.675,0.325,1.0
2025-12-11T04:36:40.401391,0.675,0.325,1.0
2025-12-11T04:36:41.024977,0.68,0.32,1.0
2025-12-11T04:36:41.635748,0.675,0.325,1.0
2025-12-11T04:36:42.239716,0.67,0.335,1.0050000000000001
2025-12-11T04:36:42.845803,0.68,0.315,0.9950000000000001
2025-12-11T04:36:43.451671,0.695,0.305,1.0
2025-12-11T04:36:44.053990,0.715,0.285,1.0
2025-12-11T04:36:44.667307,0.715,0.285,1.0
2025-12-11T04:36:45.265080,0.72,0.28,1.0
2025-12-11T04:36:45.878906,0.72,0.28,1.0
2025-12-11T04:36:46.524108,0.735,0.265,1.0
2025-12-11T04:36:45.558658,0.745,0.255,1.0
2025-12-11T04:36:46.173143,0.755,0.245,1.0
2025-12-11T04:36:46.782009,0.755,0.245,1.0
2025-12-11T04:36:47.407096,0.755,0.245,1.0
2025-12-11T04:36:48.013040,0.765,0.235,1.0
2025-12-11T04:36:48.628224,0.765,0.23,0.995
2025-12-11T04:36:49.232230,0.775,0.225,1.0
2025-12-11T04:36:49.848056,0.75,0.25,1.0
2025-12-11T04:36:50.456494,0.76,0.24,1.0
2025-12-11T04:36:51.054360,0.785,0.215,1.0
2025-12-11T04:36:51.660244,0.78,0.22,1.0
2025-12-11T04:36:52.265814,0.78,0.22,1.0
2025-12-11T04:36:52.876314,0.78,0.22,1.0
2025-12-11T04:36:53.484062,0.775,0.225,1.0
2025-12-11T04:36:54.095277,0.79,0.21,1.0
2025-12-11T04:36:54.706372,0.805,0.195,1.0
2025-12-11T04:36:55.314168,0.815,0.185,1.0
2025-12-11T04:36:55.917985,0.805,0.195,1.0
2025-12-11T04:36:56.529894,0.8,0.2,1.0
2025-12-11T04:36:57.130630,0.8,0.2,1.0
2025-12-11T04:36:57.734706,0.82,0.18,1.0
2025-12-11T04:36:58.336047,0.815,0.185,1.0
2025-12-11T04:36:58.944086,0.815,0.185,1.0
2025-12-11T04:36:59.557588,0.815,0.185,1.0
2025-12-11T04:37:00.169293,0.795,0.205,1.0
2025-12-11T04:37:00.781987,0.795,0.21,1.0050000000000001
2025-12-11T04:37:01.386831,0.775,0.225,1.0
2025-12-11T04:37:01.997326,0.77,0.215,0.985
2025-12-11T04:37:02.606029,0.765,0.235,1.0
2025-12-11T04:37:03.216561,0.755,0.235,0.99
2025-12-11T04:37:03.829042,0.785,0.215,1.0
2025-12-11T04:37:04.431792,0.785,0.215,1.0
2025-12-11T04:37:05.026245,0.77,0.23,1.0
2025-12-11T04:37:05.636012,0.77,0.23,1.0
2025-12-11T04:37:06.238946,0.77,0.23,1.0
2025-12-11T04:37:06.849404,0.755,0.245,1.0
2025-12-11T04:37:07.494670,0.76,0.24,1.0
2025-12-11T04:37:08.104487,0.755,0.245,1.0
2025-12-11T04:37:08.710126,0.755,0.245,1.0
2025-12-11T04:37:09.320921,0.745,0.255,1.0
2025-12-11T04:37:09.930183,0.74,0.26,1.0
2025-12-11T04:37:10.549000,0.765,0.235,1.0
2025-12-11T04:37:11.153702,0.775,0.225,1.0
2025-12-11T04:37:11.754609,0.78,0.22,1.0
2025-12-11T04:37:12.382056,0.795,0.205,1.0
2025-12-11T04:37:12.986628,0.79,0.21,1.0
2025-12-11T04:37:13.597218,0.795,0.205,1.0
2025-12-11T04:37:14.194697,0.795,0.21,1.0050000000000001
2025-12-11T04:37:14.810756,0.79,0.21,1.0
2025-12-11T04:37:15.424024,0.795,0.205,1.0
2025-12-11T04:37:16.036400,0.795,0.21,1.0050000000000001
2025-12-11T04:37:16.639984,0.795,0.205,1.0
2025-12-11T04:37:17.251400,0.795,0.205,1.0
2025-12-11T04:37:16.272558,0.81,0.185,0.9950000000000001
2025-12-11T04:37:16.888092,0.815,0.185,1.0
2025-12-11T04:37:17.487703,0.8,0.195,0.9950000000000001
2025-12-11T04:37:18.114248,0.79,0.215,1.0050000000000001
2025-12-11T04:37:18.728790,0.785,0.215,1.0
2025-12-11T04:37:19.332861,0.765,0.235,1.0
2025-12-11T04:37:19.938055,0.755,0.245,1.0
2025-12-11T04:37:20.557233,0.755,0.245,1.0
2025-12-11T04:37:21.166455,0.75,0.25,1.0
2025-12-11T04:37:21.770569,0.745,0.255,1.0
2025-12-11T04:37:22.378787,0.75,0.25,1.0
2025-12-11T04:37:22.990709,0.755,0.245,1.0
2025-12-11T04:37:23.604489,0.75,0.25,1.0
2025-12-11T04:37:24.212930,0.75,0.25,1.0
2025-12-11T04:37:24.812210,0.75,0.245,0.995
2025-12-11T04:37:25.426627,0.76,0.24,1.0
2025-12-11T04:37:26.037768,0.76,0.24,1.0
2025-12-11T04:37:26.654862,0.745,0.255,1.0
2025-12-11T04:37:27.263971,0.735,0.265,1.0
2025-12-11T04:37:27.858784,0.735,0.265,1.0
2025-12-11T04:37:28.467642,0.725,0.275,1.0
2025-12-11T04:37:29.081122,0.725,0.275,1.0
2025-12-11T04:37:29.690519,0.725,0.275,1.0
2025-12-11T04:37:30.300573,0.71,0.29,1.0
2025-12-11T04:37:30.897123,0.695,0.305,1.0
2025-12-11T04:37:31.513294,0.695,0.305,1.0
2025-12-11T04:37:32.114880,0.695,0.3,0.9949999999999999
2025-12-11T04:37:32.711346,0.7,0.3,1.0
2025-12-11T04:37:33.324476,0.705,0.295,1.0
2025-12-11T04:37:33.932898,0.705,0.295,1.0
2025-12-11T04:37:34.544526,0.705,0.295,1.0
2025-12-11T04:37:35.151174,0.705,0.295,1.0
2025-12-11T04:37:35.763846,0.705,0.295,1.0
2025-12-11T04:37:36.371762,0.705,0.295,1.0
2025-12-11T04:37:36.981558,0.7,0.3,1.0
2025-12-11T04:37:37.610268,0.7,0.3,1.0
2025-12-11T04:37:38.221547,0.7,0.3,1.0
2025-12-11T04:37:38.835973,0.7,0.3,1.0
2025-12-11T04:37:39.448211,0.705,0.295,1.0
2025-12-11T04:37:40.050251,0.71,0.29,1.0
2025-12-11T04:37:40.646582,0.715,0.28,0.995
2025-12-11T04:37:41.255508,0.725,0.275,1.0
2025-12-11T04:37:41.851338,0.715,0.285,1.0
2025-12-11T04:37:42.451875,0.715,0.285,1.0
2025-12-11T04:37:43.062229,0.715,0.285,1.0
2025-12-11T04:37:43.677229,0.715,0.285,1.0
2025-12-11T04:37:44.291187,0.725,0.275,1.0
2025-12-11T04:37:44.903344,0.735,0.265,1.0
2025-12-11T04:37:45.515350,0.735,0.265,1.0
2025-12-11T04:37:46.112326,0.7,0.305,1.005
2025-12-11T04:37:46.717368,0.66,0.345,1.005
2025-12-11T04:37:47.326732,0.635,0.365,1.0
2025-12-11T04:37:47.944544,0.64,0.355,0.995
2025-12-11T04:37:46.973729,0.625,0.375,1.0
2025-12-11T04:37:47.585750,0.615,0.385,1.0
2025-12-11T04:37:48.186435,0.605,0.395,1.0
2025-12-11T04:37:48.787770,0.595,0.405,1.0
2025-12-11T04:37:49.391501,0.585,0.415,1.0
2025-12-11T04:37:50.000926,0.575,0.425,1.0
2025-12-11T04:37:50.609297,0.57,0.43,1.0
2025-12-11T04:37:51.204892,0.565,0.435,1.0
2025-12-11T04:37:51.814151,0.555,0.445,1.0
2025-12-11T04:37:52.425350,0.55,0.445,0.9950000000000001
2025-12-11T04:37:53.031432,0.555,0.445,1.0
2025-12-11T04:37:53.636920,0.535,0.465,1.0
2025-12-11T04:37:54.229045,0.525,0.475,1.0
2025-12-11T04:37:54.836450,0.505,0.495,1.0
2025-12-11T04:37:55.433736,0.5,0.5,1.0
2025-12-11T04:37:56.042120,0.495,0.5,0.995
2025-12-11T04:37:56.654880,0.485,0.515,1.0
2025-12-11T04:37:57.258714,0.5,0.5,1.0
2025-12-11T04:37:57.867935,0.525,0.47,0.995
2025-12-11T04:37:58.482967,0.545,0.455,1.0
2025-12-11T04:37:59.085303,0.545,0.445,0.99
2025-12-11T04:37:59.690045,0.555,0.445,1.0
2025-12-11T04:38:00.299541,0.545,0.455,1.0
2025-12-11T04:38:00.918201,0.555,0.445,1.0
2025-12-11T04:38:01.528674,0.555,0.445,1.0
2025-12-11T04:38:02.139845,0.51,0.495,1.005
2025-12-11T04:38:02.750902,0.495,0.505,1.0
2025-12-11T04:38:03.362008,0.475,0.525,1.0
2025-12-11T04:38:03.977780,0.475,0.525,1.0
2025-12-11T04:38:04.592805,0.515,0.49,1.005
2025-12-11T04:38:05.205699,0.53,0.47,1.0
2025-12-11T04:38:05.802259,0.535,0.465,1.0
2025-12-11T04:38:06.412783,0.535,0.47,1.005
2025-12-11T04:38:07.016496,0.515,0.485,1.0
2025-12-11T04:38:07.620133,0.52,0.48,1.0
2025-12-11T04:38:08.245409,0.535,0.465,1.0
2025-12-11T04:38:08.858876,0.545,0.455,1.0
2025-12-11T04:38:09.474206,0.555,0.445,1.0
2025-12-11T04:38:10.080988,0.545,0.455,1.0
2025-12-11T04:38:10.692654,0.545,0.455,1.0
2025-12-11T04:38:11.298031,0.545,0.455,1.0
2025-12-11T04:38:11.918753,0.555,0.445,1.0
2025-12-11T04:38:12.531743,0.57,0.43,1.0
2025-12-11T04:38:13.149726,0.575,0.43,1.005
2025-12-11T04:38:13.759338,0.585,0.415,1.0
2025-12-11T04:38:14.364811,0.585,0.42,1.005
2025-12-11T04:38:14.976175,0.58,0.42,1.0
2025-12-11T04:38:15.590441,0.585,0.405,0.99
2025-12-11T04:38:16.196213,0.605,0.39,0.995
2025-12-11T04:38:16.809454,0.615,0.385,1.0
2025-12-11T04:38:17.423475,0.63,0.37,1.0
2025-12-11T04:38:18.034059,0.635,0.365,1.0
2025-12-11T04:38:18.639115,0.635,0.365,1.0
2025-12-11T04:38:17.677995,0.645,0.355,1.0
2025-12-11T04:38:18.297402,0.66,0.335,0.9950000000000001
2025-12-11T04:38:18.898668,0.665,0.335,1.0
2025-12-11T04:38:19.508741,0.685,0.315,1.0
2025-12-11T04:38:20.121344,0.685,0.325,1.01
2025-12-11T04:38:20.733750,0.675,0.325,1.0
2025-12-11T04:38:21.352701,0.68,0.32,1.0
2025-12-11T04:38:21.965501,0.685,0.315,1.0
2025-12-11T04:38:22.578223,0.665,0.335,1.0
2025-12-11T04:38:23.190252,0.67,0.33,1.0
2025-12-11T04:38:23.799739,0.655,0.345,1.0
2025-12-11T04:38:24.413448,0.635,0.365,1.0
2025-12-11T04:38:25.027590,0.625,0.375,1.0
2025-12-11T04:38:25.623769,0.625,0.375,1.0
2025-12-11T04:38:26.241128,0.64,0.36,1.0
2025-12-11T04:38:26.852724,0.625,0.375,1.0
2025-12-11T04:38:27.464886,0.625,0.375,1.0
2025-12-11T04:38:28.082491,0.62,0.385,1.005
2025-12-11T04:38:28.691949,0.615,0.385,1.0
2025-12-11T04:38:29.300147,0.615,0.385,1.0
2025-12-11T04:38:29.922411,0.615,0.385,1.0
2025-12-11T04:38:30.531979,0.615,0.385,1.0
2025-12-11T04:38:31.143890,0.625,0.375,1.0
2025-12-11T04:38:31.753487,0.595,0.405,1.0
2025-12-11T04:38:32.368968,0.59,0.415,1.005
2025-12-11T04:38:32.965133,0.575,0.43,1.005
2025-12-11T04:38:33.569174,0.56,0.445,1.0050000000000001
2025-12-11T04:38:34.177823,0.565,0.435,1.0
2025-12-11T04:38:34.790128,0.57,0.43,1.0
2025-12-11T04:38:35.404098,0.565,0.435,1.0
2025-12-11T04:38:36.002865,0.565,0.435,1.0
2025-12-11T04:38:36.608889,0.565,0.44,1.005
2025-12-11T04:38:37.213784,0.54,0.46,1.0
2025-12-11T04:38:37.817600,0.525,0.475,1.0
2025-12-11T04:38:38.423634,0.515,0.485,1.0
2025-12-11T04:38:39.025892,0.545,0.455,1.0
2025-12-11T04:38:39.621323,0.565,0.44,1.005
2025-12-11T04:38:40.231938,0.58,0.425,1.005
2025-12-11T04:38:40.840313,0.58,0.415,0.9949999999999999
2025-12-11T04:38:41.439397,0.59,0.41,1.0
2025-12-11T04:38:42.036818,0.61,0.39,1.0
2025-12-11T04:38:42.638765,0.605,0.395,1.0
2025-12-11T04:38:43.243475,0.615,0.385,1.0
2025-12-11T04:38:43.850723,0.625,0.375,1.0
2025-12-11T04:38:44.461958,0.625,0.375,1.0
2025-12-11T04:38:45.072777,0.615,0.385,1.0
2025-12-11T04:38:45.679682,0.625,0.37,0.995
2025-12-11T04:38:46.284432,0.635,0.365,1.0
2025-12-11T04:38:46.887730,0.635,0.365,1.0
2025-12-11T04:38:47.490806,0.635,0.365,1.0
2025-12-11T04:38:48.089442,0.63,0.37,1.0
2025-12-11T04:38:48.693943,0.635,0.365,1.0
2025-12-11T04:38:49.303186,0.635,0.365,1.0
2025-12-11T04:38:48.325815,0.625,0.375,1.0
2025-12-11T04:38:48.929432,0.625,0.375,1.0
2025-12-11T04:38:49.529834,0.635,0.365,1.0
2025-12-11T04:38:50.132602,0.635,0.365,1.0
2025-12-11T04:38:50.734463,0.635,0.365,1.0
2025-12-11T04:38:51.331341,0.635,0.365,1.0
2025-12-11T04:38:51.939237,0.645,0.355,1.0
2025-12-11T04:38:52.536821,0.645,0.355,1.0
2025-12-11T04:38:53.139787,0.67,0.33,1.0
2025-12-11T04:38:53.741697,0.67,0.33,1.0
2025-12-11T04:38:54.353346,0.665,0.335,1.0
2025-12-11T04:38:54.954080,0.665,0.335,1.0
2025-12-11T04:38:55.556507,0.675,0.325,1.0
2025-12-11T04:38:56.163712,0.675,0.335,1.01
2025-12-11T04:38:56.758444,0.665,0.335,1.0
2025-12-11T04:38:57.361935,0.665,0.335,1.0
2025-12-11T04:38:57.969438,0.685,0.315,1.0
2025-12-11T04:38:58.576173,0.685,0.315,1.0
2025-12-11T04:38:59.181258,0.685,0.315,1.0
2025-12-11T04:38:59.786787,0.68,0.32,1.0
2025-12-11T04:39:00.388504,0.68,0.32,1.0
2025-12-11T04:39:00.989328,0.68,0.32,1.0
2025-12-11T04:39:01.592448,0.695,0.315,1.01
2025-12-11T04:39:02.200339,0.625,0.375,1.0
2025-12-11T04:39:02.803694,0.62,0.38,1.0
2025-12-11T04:39:03.409934,0.615,0.385,1.0
2025-12-11T04:39:04.014470,0.605,0.395,1.0
2025-12-11T04:39:04.627839,0.605,0.395,1.0
2025-12-11T04:39:05.230353,0.605,0.395,1.0
2025-12-11T04:39:05.842841,0.605,0.395,1.0
2025-12-11T04:39:06.455813,0.64,0.37,1.01
2025-12-11T04:39:07.068056,0.645,0.345,0.99
2025-12-11T04:39:07.678230,0.655,0.34,0.9950000000000001
2025-12-11T04:39:08.292470,0.655,0.345,1.0
2025-12-11T04:39:08.898249,0.65,0.35,1.0
2025-12-11T04:39:09.502312,0.655,0.345,1.0
2025-12-11T04:39:10.113251,0.655,0.345,1.0
2025-12-11T04:39:10.723171,0.675,0.325,1.0
2025-12-11T04:39:11.320299,0.685,0.32,1.0050000000000001
2025-12-11T04:39:11.930441,0.675,0.325,1.0
2025-12-11T04:39:12.538157,0.685,0.315,1.0
2025-12-11T04:39:13.152517,0.685,0.315,1.0
2025-12-11T04:39:13.768606,0.68,0.32,1.0
2025-12-11T04:39:14.377981,0.68,0.32,1.0
2025-12-11T04:39:14.988848,0.665,0.335,1.0
2025-12-11T04:39:15.598042,0.665,0.335,1.0
2025-12-11T04:39:16.198634,0.665,0.335,1.0
2025-12-11T04:39:16.814222,0.675,0.325,1.0
2025-12-11T04:39:17.423138,0.675,0.335,1.01
2025-12-11T04:39:18.035788,0.67,0.33,1.0
2025-12-11T04:39:18.648286,0.675,0.325,1.0
2025-12-11T04:39:19.273325,0.675,0.325,1.0
2025-12-11T04:39:19.872401,0.68,0.32,1.0
2025-12-11T04:39:18.898871,0.675,0.325,1.0
2025-12-11T04:39:19.509788,0.675,0.325,1.0
2025-12-11T04:39:20.123398,0.675,0.325,1.0
2025-12-11T04:39:20.728976,0.67,0.33,1.0
2025-12-11T04:39:21.340751,0.655,0.34,0.9950000000000001
2025-12-11T04:39:21.950638,0.665,0.335,1.0
2025-12-11T04:39:22.564602,0.66,0.34,1.0
2025-12-11T04:39:23.175361,0.665,0.335,1.0
2025-12-11T04:39:23.785313,0.69,0.31,1.0
2025-12-11T04:39:24.396658,0.7,0.3,1.0
2025-12-11T04:39:25.008252,0.7,0.3,1.0
2025-12-11T04:39:25.625835,0.715,0.285,1.0
2025-12-11T04:39:26.243932,0.725,0.275,1.0
2025-12-11T04:39:26.855736,0.725,0.275,1.0
2025-12-11T04:39:27.465736,0.735,0.265,1.0
2025-12-11T04:39:28.075111,0.745,0.255,1.0
2025-12-11T04:39:28.686635,0.75,0.25,1.0
2025-12-11T04:39:29.304282,0.75,0.25,1.0
2025-12-11T04:39:29.914964,0.75,0.25,1.0
2025-12-11T04:39:30.521491,0.75,0.25,1.0
2025-12-11T04:39:31.136564,0.765,0.235,1.0
2025-12-11T04:39:31.753720,0.775,0.225,1.0
2025-12-11T04:39:32.363747,0.76,0.24,1.0
2025-12-11T04:39:32.976222,0.775,0.225,1.0
2025-12-11T04:39:33.586592,0.79,0.21,1.0
2025-12-11T04:39:34.198095,0.795,0.205,1.0
2025-12-11T04:39:34.826230,0.805,0.195,1.0
2025-12-11T04:39:35.438075,0.815,0.185,1.0
2025-12-11T04:39:36.052216,0.815,0.185,1.0
2025-12-11T04:39:36.664570,0.815,0.185,1.0
2025-12-11T04:39:37.277760,0.82,0.18,1.0
2025-12-11T04:39:37.891339,0.82,0.18,1.0
2025-12-11T04:39:38.502936,0.82,0.18,1.0
2025-12-11T04:39:39.108309,0.82,0.18,1.0
2025-12-11T04:39:39.719236,0.82,0.18,1.0
2025-12-11T04:39:40.328242,0.835,0.165,1.0
2025-12-11T04:39:40.940904,0.825,0.175,1.0
2025-12-11T04:39:41.548996,0.82,0.18,1.0
2025-12-11T04:39:42.162962,0.825,0.175,1.0
2025-12-11T04:39:42.773119,0.825,0.175,1.0
2025-12-11T04:39:43.390555,0.825,0.175,1.0
2025-12-11T04:39:44.233718,0.825,0.175,1.0
2025-12-11T04:39:44.838622,0.815,0.175,0.99
2025-12-11T04:39:45.449070,0.825,0.18,1.005
2025-12-11T04:39:46.068368,0.815,0.185,1.0
2025-12-11T04:39:46.677407,0.815,0.185,1.0
2025-12-11T04:39:47.279142,0.815,0.185,1.0
2025-12-11T04:39:47.890121,0.805,0.19,0.9950000000000001
2025-12-11T04:39:48.501548,0.81,0.19,1.0
2025-12-11T04:39:49.116831,0.81,0.19,1.0
2025-12-11T04:39:49.717565,0.825,0.175,1.0
2025-12-11T04:39:50.318866,0.82,0.18,1.0
2025-12-11T04:39:50.924713,0.835,0.165,1.0
2025-12-11T04:39:49.949901,0.825,0.155,0.98
2025-12-11T04:39:50.562494,0.84,0.16,1.0
2025-12-11T04:39:51.181866,0.835,0.165,1.0
2025-12-11T04:39:51.790925,0.835,0.165,1.0
2025-12-11T04:39:52.402708,0.835,0.165,1.0
2025-12-11T04:39:53.016221,0.83,0.17,1.0
2025-12-11T04:39:53.625664,0.83,0.165,0.995
2025-12-11T04:39:54.233927,0.83,0.17,1.0
2025-12-11T04:39:54.834966,0.835,0.165,1.0
2025-12-11T04:39:55.463650,0.835,0.165,1.0
2025-12-11T04:39:56.065733,0.83,0.17,1.0
2025-12-11T04:39:56.677467,0.83,0.17,1.0
2025-12-11T04:39:57.282639,0.83,0.17,1.0
2025-12-11T04:39:57.892140,0.845,0.155,1.0
2025-12-11T04:39:58.540554,0.85,0.145,0.995
2025-12-11T04:39:59.143443,0.86,0.14,1.0
2025-12-11T04:39:59.739381,0.855,0.145,1.0
2025-12-11T04:40:00.357952,0.84,0.16,1.0
2025-12-11T04:40:00.964736,0.83,0.17,1.0
2025-12-11T04:40:01.564702,0.83,0.17,1.0
2025-12-11T04:40:02.209040,0.845,0.155,1.0
2025-12-11T04:40:02.824131,0.845,0.155,1.0
2025-12-11T04:40:03.431470,0.85,0.145,0.995
2025-12-11T04:40:04.044541,0.845,0.155,1.0
2025-12-11T04:40:04.656554,0.85,0.15,1.0
2025-12-11T04:40:05.270279,0.825,0.175,1.0
2025-12-11T04:40:05.889404,0.825,0.175,1.0
2025-12-11T04:40:06.491952,0.83,0.17,1.0
2025-12-11T04:40:07.104940,0.83,0.175,1.005
2025-12-11T04:40:07.706567,0.825,0.175,1.0
2025-12-11T04:40:08.314935,0.845,0.155,1.0
2025-12-11T04:40:08.920803,0.835,0.165,1.0
2025-12-11T04:40:09.534831,0.83,0.17,1.0
2025-12-11T04:40:10.135015,0.855,0.145,1.0
2025-12-11T04:40:10.727771,0.86,0.14,1.0
2025-12-11T04:40:11.337397,0.865,0.135,1.0
2025-12-11T04:40:11.932500,0.855,0.145,1.0
2025-12-11T04:40:12.538552,0.855,0.145,1.0
2025-12-11T04:40:13.135995,0.82,0.185,1.005
2025-12-11T04:40:13.730460,0.81,0.185,0.9950000000000001
2025-12-11T04:40:14.343488,0.83,0.17,1.0
2025-12-11T04:40:14.940408,0.845,0.155,1.0
2025-12-11T04:40:15.564595,0.855,0.145,1.0
2025-12-11T04:40:16.162438,0.855,0.145,1.0
2025-12-11T04:40:16.771361,0.825,0.175,1.0
2025-12-11T04:40:17.387119,0.81,0.185,0.9950000000000001
2025-12-11T04:40:17.996771,0.815,0.185,1.0
2025-12-11T04:40:18.607369,0.82,0.18,1.0
2025-12-11T04:40:19.218397,0.82,0.18,1.0
2025-12-11T04:40:19.827401,0.81,0.19,1.0
2025-12-11T04:40:20.443065,0.81,0.19,1.0
2025-12-11T04:40:21.039536,0.82,0.175,0.9949999999999999
2025-12-11T04:40:21.652988,0.825,0.175,1.0
2025-12-11T04:40:20.657698,0.825,0.175,1.0
2025-12-11T04:40:21.265569,0.825,0.175,1.0
2025-12-11T04:40:21.893828,0.805,0.195,1.0
2025-12-11T04:40:22.507854,0.785,0.215,1.0
2025-12-11T04:40:23.113148,0.79,0.21,1.0
2025-12-11T04:40:23.732577,0.79,0.21,1.0
2025-12-11T04:40:24.366196,0.785,0.215,1.0
2025-12-11T04:40:24.986628,0.755,0.245,1.0
2025-12-11T04:40:25.594968,0.755,0.245,1.0
2025-12-11T04:40:26.216415,0.77,0.23,1.0
2025-12-11T04:40:26.829825,0.765,0.235,1.0
2025-12-11T04:40:27.440468,0.765,0.235,1.0
2025-12-11T04:40:28.049885,0.775,0.225,1.0
2025-12-11T04:40:28.663253,0.775,0.225,1.0
2025-12-11T04:40:29.273271,0.775,0.225,1.0
2025-12-11T04:40:29.878059,0.815,0.185,1.0
2025-12-11T04:40:30.487896,0.805,0.19,0.9950000000000001
2025-12-11T04:40:31.083228,0.83,0.17,1.0
2025-12-11T04:40:31.696376,0.84,0.155,0.995
2025-12-11T04:40:32.312094,0.845,0.155,1.0
2025-12-11T04:40:32.920776,0.875,0.125,1.0
2025-12-11T04:40:33.534123,0.875,0.125,1.0
2025-12-11T04:40:34.155411,0.87,0.13,1.0
2025-12-11T04:40:34.773462,0.87,0.13,1.0
2025-12-11T04:40:35.406761,0.88,0.12,1.0
2025-12-11T04:40:36.019844,0.885,0.115,1.0
2025-12-11T04:40:36.630531,0.885,0.115,1.0
2025-12-11T04:40:37.240592,0.875,0.125,1.0
2025-12-11T04:40:37.850582,0.875,0.125,1.0
2025-12-11T04:40:38.456281,0.865,0.14,1.005
2025-12-11T04:40:39.059917,0.83,0.17,1.0
2025-12-11T04:40:39.674199,0.83,0.175,1.005
2025-12-11T04:40:40.276637,0.825,0.175,1.0
2025-12-11T04:40:40.886756,0.825,0.175,1.0
2025-12-11T04:40:41.504323,0.82,0.175,0.9949999999999999
2025-12-11T04:40:42.160935,0.845,0.15,0.995
2025-12-11T04:40:42.785696,0.855,0.145,1.0
2025-12-11T04:40:43.396129,0.865,0.135,1.0
2025-12-11T04:40:44.000588,0.875,0.125,1.0
2025-12-11T04:40:44.615821,0.875,0.125,1.0
2025-12-11T04:40:45.231646,0.875,0.125,1.0
2025-12-11T04:40:45.857036,0.88,0.12,1.0
2025-12-11T04:40:46.465273,0.88,0.12,1.0
2025-12-11T04:40:47.078893,0.88,0.12,1.0
2025-12-11T04:40:47.693698,0.875,0.125,1.0
2025-12-11T04:40:48.319795,0.875,0.125,1.0
2025-12-11T04:40:48.936611,0.875,0.125,1.0
2025-12-11T04:40:49.557322,0.89,0.11,1.0
2025-12-11T04:40:50.170031,0.86,0.14,1.0
2025-12-11T04:40:50.779711,0.895,0.105,1.0
2025-12-11T04:40:51.388927,0.895,0.105,1.0
2025-12-11T04:40:52.001953,0.905,0.095,1.0
2025-12-11T04:40:51.033142,0.895,0.1,0.995
2025-12-11T04:40:51.643324,0.9,0.1,1.0
2025-12-11T04:40:52.265808,0.895,0.105,1.0
2025-12-11T04:40:52.866068,0.885,0.115,1.0
2025-12-11T04:40:53.483025,0.89,0.11,1.0
2025-12-11T04:40:54.094590,0.885,0.115,1.0
2025-12-11T04:40:54.706434,0.885,0.115,1.0
2025-12-11T04:40:55.320614,0.885,0.115,1.0
2025-12-11T04:40:55.932091,0.875,0.125,1.0
2025-12-11T04:40:56.544949,0.88,0.12,1.0
2025-12-11T04:40:57.225541,0.885,0.115,1.0
2025-12-11T04:40:57.841786,0.89,0.11,1.0
2025-12-11T04:40:58.458833,0.885,0.115,1.0
2025-12-11T04:40:59.078657,0.89,0.11,1.0
2025-12-11T04:40:59.688270,0.89,0.11,1.0
2025-12-11T04:41:00.304469,0.89,0.11,1.0
2025-12-11T04:41:00.923065,0.895,0.105,1.0
2025-12-11T04:41:01.530610,0.885,0.115,1.0
2025-12-11T04:41:02.143237,0.9,0.1,1.0
2025-12-11T04:41:02.759776,0.895,0.11,1.0050000000000001
2025-12-11T04:41:03.353011,0.895,0.105,1.0
2025-12-11T04:41:03.966779,0.885,0.12,1.005
2025-12-11T04:41:04.570431,0.865,0.125,0.99
2025-12-11T04:41:05.177013,0.885,0.115,1.0
2025-12-11T04:41:05.784013,0.895,0.105,1.0
2025-12-11T04:41:06.396717,0.895,0.105,1.0
2025-12-11T04:41:07.027449,0.89,0.105,0.995
2025-12-11T04:41:07.640908,0.905,0.095,1.0
2025-12-11T04:41:08.251767,0.885,0.115,1.0
2025-12-11T04:41:08.854613,0.885,0.115,1.0
2025-12-11T04:41:09.468551,0.885,0.115,1.0
2025-12-11T04:41:10.079733,0.885,0.115,1.0
2025-12-11T04:41:10.696425,0.885,0.115,1.0
2025-12-11T04:41:11.303262,0.895,0.105,1.0
2025-12-11T04:41:11.912590,0.905,0.095,1.0
2025-12-11T04:41:12.525835,0.915,0.085,1.0
2025-12-11T04:41:13.137286,0.915,0.085,1.0
2025-12-11T04:41:13.733332,0.92,0.08,1.0
2025-12-11T04:41:14.347671,0.945,0.06,1.005
2025-12-11T04:41:14.958077,0.935,0.065,1.0
2025-12-11T04:41:15.569154,0.935,0.065,1.0
2025-12-11T04:41:16.186658,0.935,0.065,1.0
2025-12-11T04:41:16.790578,0.905,0.095,1.0
2025-12-11T04:41:17.408665,0.905,0.095,1.0
2025-12-11T04:41:18.016628,0.9,0.1,1.0
2025-12-11T04:41:18.633837,0.9,0.1,1.0
2025-12-11T04:41:19.237938,0.905,0.095,1.0
2025-12-11T04:41:19.836848,0.9,0.1,1.0
2025-12-11T04:41:20.435761,0.895,0.105,1.0
2025-12-11T04:41:21.048084,0.855,0.145,1.0
2025-12-11T04:41:21.650024,0.875,0.125,1.0
2025-12-11T04:41:22.260749,0.865,0.13,0.995
2025-12-11T04:41:22.876487,0.855,0.145,1.0
2025-12-11T04:41:21.907219,0.85,0.15,1.0
2025-12-11T04:41:22.522189,0.85,0.15,1.0
2025-12-11T04:41:23.116357,0.85,0.15,1.0
2025-12-11T04:41:23.721068,0.85,0.15,1.0
2025-12-11T04:41:24.332835,0.855,0.145,1.0
2025-12-11T04:41:24.945009,0.85,0.15,1.0
2025-12-11T04:41:25.558855,0.835,0.165,1.0
2025-12-11T04:41:26.170925,0.84,0.16,1.0
2025-12-11T04:41:26.773782,0.825,0.175,1.0
2025-12-11T04:41:27.385735,0.805,0.195,1.0
2025-12-11T04:41:27.982129,0.81,0.19,1.0
2025-12-11T04:41:28.598609,0.815,0.19,1.005
2025-12-11T04:41:29.211098,0.795,0.205,1.0
2025-12-11T04:41:29.823174,0.815,0.18,0.9949999999999999
2025-12-11T04:41:30.439289,0.805,0.195,1.0
2025-12-11T04:41:31.052625,0.805,0.195,1.0
2025-12-11T04:41:31.651167,0.815,0.19,1.005
2025-12-11T04:41:32.270687,0.805,0.195,1.0
2025-12-11T04:41:32.891615,0.805,0.2,1.0050000000000001
2025-12-11T04:41:33.499608,0.8,0.2,1.0
2025-12-11T04:41:34.111454,0.8,0.2,1.0
2025-12-11T04:41:34.718481,0.815,0.185,1.0
2025-12-11T04:41:35.334750,0.815,0.185,1.0
2025-12-11T04:41:35.943515,0.815,0.185,1.0
2025-12-11T04:41:36.590558,0.815,0.185,1.0
2025-12-11T04:41:37.181975,0.825,0.175,1.0
2025-12-11T04:41:37.781992,0.795,0.205,1.0
2025-12-11T04:41:38.380960,0.76,0.235,0.995
2025-12-11T04:41:38.997395,0.765,0.235,1.0
2025-12-11T04:41:39.608160,0.76,0.24,1.0
2025-12-11T04:41:40.218842,0.755,0.245,1.0
2025-12-11T04:41:40.829995,0.765,0.235,1.0
2025-12-11T04:41:41.448641,0.765,0.235,1.0
2025-12-11T04:41:42.056805,0.775,0.225,1.0
2025-12-11T04:41:42.665094,0.8,0.205,1.0050000000000001
2025-12-11T04:41:43.276288,0.8,0.2,1.0
2025-12-11T04:41:43.876352,0.805,0.195,1.0
2025-12-11T04:41:44.492520,0.805,0.195,1.0
2025-12-11T04:41:45.105628,0.805,0.195,1.0
2025-12-11T04:41:45.715012,0.805,0.195,1.0
2025-12-11T04:41:46.311696,0.805,0.195,1.0
2025-12-11T04:41:46.919405,0.79,0.21,1.0
2025-12-11T04:41:47.535366,0.785,0.215,1.0
2025-12-11T04:41:48.126460,0.785,0.215,1.0
2025-12-11T04:41:48.734930,0.785,0.215,1.0
2025-12-11T04:41:49.338278,0.785,0.215,1.0
2025-12-11T04:41:49.946703,0.78,0.22,1.0
2025-12-11T04:41:50.554115,0.775,0.225,1.0
2025-12-11T04:41:51.164124,0.765,0.235,1.0
2025-12-11T04:41:51.790171,0.765,0.235,1.0
2025-12-11T04:41:52.406072,0.765,0.235,1.0
2025-12-11T04:41:53.008451,0.765,0.235,1.0
2025-12-11T04:41:53.616902,0.755,0.245,1.0
2025-12-11T04:41:52.620187,0.755,0.245,1.0
2025-12-11T04:41:53.221957,0.755,0.245,1.0
2025-12-11T04:41:53.821171,0.765,0.235,1.0
2025-12-11T04:41:54.432614,0.785,0.215,1.0
2025-12-11T04:41:55.049837,0.785,0.215,1.0
2025-12-11T04:41:55.653055,0.795,0.195,0.99
2025-12-11T04:41:56.261442,0.815,0.185,1.0
2025-12-11T04:41:56.879918,0.82,0.175,0.9949999999999999
2025-12-11T04:41:57.484121,0.825,0.175,1.0
2025-12-11T04:41:58.085753,0.835,0.165,1.0
2025-12-11T04:41:58.714334,0.825,0.175,1.0
2025-12-11T04:41:59.319593,0.835,0.165,1.0
2025-12-11T04:41:59.928612,0.825,0.175,1.0
2025-12-11T04:42:00.535437,0.83,0.17,1.0
2025-12-11T04:42:01.145125,0.835,0.165,1.0
2025-12-11T04:42:01.746807,0.835,0.165,1.0
2025-12-11T04:42:02.345298,0.835,0.165,1.0
2025-12-11T04:42:02.950870,0.835,0.165,1.0
2025-12-11T04:42:03.591168,0.835,0.165,1.0
2025-12-11T04:42:04.201491,0.83,0.17,1.0
2025-12-11T04:42:04.812438,0.83,0.17,1.0
2025-12-11T04:42:05.425944,0.835,0.165,1.0
2025-12-11T04:42:06.032590,0.835,0.165,1.0
2025-12-11T04:42:06.653360,0.835,0.165,1.0
2025-12-11T04:42:07.269806,0.835,0.165,1.0
2025-12-11T04:42:07.861510,0.835,0.165,1.0
2025-12-11T04:42:08.476853,0.835,0.165,1.0
2025-12-11T04:42:09.087423,0.855,0.145,1.0
2025-12-11T04:42:09.694430,0.865,0.135,1.0
2025-12-11T04:42:10.327610,0.86,0.14,1.0
2025-12-11T04:42:10.949606,0.86,0.14,1.0
2025-12-11T04:42:11.558018,0.86,0.14,1.0
2025-12-11T04:42:12.178542,0.865,0.135,1.0
2025-12-11T04:42:12.791708,0.865,0.135,1.0
2025-12-11T04:42:13.401424,0.87,0.13,1.0
2025-12-11T04:42:14.001800,0.865,0.13,0.995
2025-12-11T04:42:14.608124,0.875,0.125,1.0
2025-12-11T04:42:15.222690,0.875,0.125,1.0
2025-12-11T04:42:15.836410,0.88,0.12,1.0
2025-12-11T04:42:16.430989,0.885,0.115,1.0
2025-12-11T04:42:17.033831,0.895,0.105,1.0
2025-12-11T04:42:17.643344,0.895,0.105,1.0
2025-12-11T04:42:18.266551,0.89,0.11,1.0
2025-12-11T04:42:18.883601,0.885,0.115,1.0
2025-12-11T04:42:19.503297,0.865,0.135,1.0
2025-12-11T04:42:20.100144,0.865,0.145,1.01
2025-12-11T04:42:20.705056,0.86,0.14,1.0
2025-12-11T04:42:21.314127,0.86,0.14,1.0
2025-12-11T04:42:21.932305,0.835,0.165,1.0
2025-12-11T04:42:22.545122,0.84,0.16,1.0
2025-12-11T04:42:23.154448,0.805,0.195,1.0
2025-12-11T04:42:23.761932,0.805,0.195,1.0
2025-12-11T04:42:22.768948,0.805,0.195,1.0
2025-12-11T04:42:23.377215,0.805,0.195,1.0
2025-12-11T04:42:23.975827,0.805,0.195,1.0
2025-12-11T04:42:24.585067,0.805,0.195,1.0
2025-12-11T04:42:25.182298,0.805,0.195,1.0
2025-12-11T04:42:25.800214,0.795,0.205,1.0
2025-12-11T04:42:26.417465,0.77,0.23,1.0
2025-12-11T04:42:27.034935,0.765,0.235,1.0
2025-12-11T04:42:27.650699,0.77,0.225,0.995
2025-12-11T04:42:28.253683,0.77,0.23,1.0
2025-12-11T04:42:28.862360,0.765,0.235,1.0
2025-12-11T04:42:29.454243,0.77,0.23,1.0
2025-12-11T04:42:30.057049,0.765,0.235,1.0
2025-12-11T04:42:30.659356,0.765,0.235,1.0
2025-12-11T04:42:31.274404,0.765,0.235,1.0
2025-12-11T04:42:31.882104,0.755,0.245,1.0
2025-12-11T04:42:32.502152,0.745,0.255,1.0
2025-12-11T04:42:33.101718,0.75,0.25,1.0
2025-12-11T04:42:33.706904,0.75,0.25,1.0
2025-12-11T04:42:34.317089,0.745,0.255,1.0
2025-12-11T04:42:34.929866,0.72,0.285,1.005
2025-12-11T04:42:35.549996,0.71,0.295,1.005
2025-12-11T04:42:36.160444,0.725,0.265,0.99
2025-12-11T04:42:36.762116,0.73,0.27,1.0
2025-12-11T04:42:37.377621,0.765,0.235,1.0
2025-12-11T04:42:38.001370,0.79,0.2,0.99
2025-12-11T04:42:38.613474,0.825,0.18,1.005
2025-12-11T04:42:39.223479,0.82,0.18,1.0
2025-12-11T04:42:39.829775,0.815,0.185,1.0
2025-12-11T04:42:40.431690,0.815,0.185,1.0
2025-12-11T04:42:41.040595,0.805,0.195,1.0
2025-12-11T04:42:41.659952,0.81,0.19,1.0
2025-12-11T04:42:42.272507,0.815,0.185,1.0
2025-12-11T04:42:42.881879,0.815,0.185,1.0
2025-12-11T04:42:43.520714,0.815,0.185,1.0
2025-12-11T04:42:44.119278,0.815,0.185,1.0
2025-12-11T04:42:44.735751,0.815,0.185,1.0
2025-12-11T04:42:45.340448,0.81,0.19,1.0
2025-12-11T04:42:45.957788,0.805,0.195,1.0
2025-12-11T04:42:46.557924,0.825,0.175,1.0
2025-12-11T04:42:47.159093,0.86,0.14,1.0
2025-12-11T04:42:47.785778,0.86,0.14,1.0
2025-12-11T04:42:48.388349,0.855,0.145,1.0
2025-12-11T04:42:48.991088,0.87,0.13,1.0
2025-12-11T04:42:49.590848,0.865,0.14,1.005
2025-12-11T04:42:50.184805,0.86,0.14,1.0
2025-12-11T04:42:50.784221,0.865,0.135,1.0
2025-12-11T04:42:51.382903,0.865,0.135,1.0
2025-12-11T04:42:52.000052,0.87,0.13,1.0
2025-12-11T04:42:52.597721,0.865,0.135,1.0
2025-12-11T04:42:53.200072,0.87,0.13,1.0
2025-12-11T04:42:53.809308,0.875,0.13,1.005
2025-12-11T04:42:54.415134,0.865,0.135,1.0
2025-12-11T04:42:53.466492,0.865,0.135,1.0
2025-12-11T04:42:54.087022,0.87,0.13,1.0
2025-12-11T04:42:54.681131,0.87,0.13,1.0
2025-12-11T04:42:55.289469,0.87,0.13,1.0
2025-12-11T04:42:55.905464,0.885,0.115,1.0
2025-12-11T04:42:56.532930,0.895,0.1,0.995
2025-12-11T04:42:57.156100,0.9,0.095,0.995
2025-12-11T04:42:57.768769,0.91,0.09,1.0
2025-12-11T04:42:58.364421,0.915,0.085,1.0
2025-12-11T04:42:58.978156,0.915,0.085,1.0
2025-12-11T04:42:59.601811,0.935,0.065,1.0
2025-12-11T04:43:00.199778,0.92,0.08,1.0
2025-12-11T04:43:00.811258,0.925,0.075,1.0
2025-12-11T04:43:01.421021,0.925,0.075,1.0
2025-12-11T04:43:02.035079,0.925,0.075,1.0
2025-12-11T04:43:02.638570,0.915,0.085,1.0
2025-12-11T04:43:03.239691,0.91,0.095,1.0050000000000001
2025-12-11T04:43:03.850201,0.905,0.095,1.0
2025-12-11T04:43:04.465296,0.915,0.08,0.995
2025-12-11T04:43:05.074834,0.915,0.085,1.0
2025-12-11T04:43:05.687497,0.915,0.08,0.995
2025-12-11T04:43:06.300985,0.92,0.08,1.0
2025-12-11T04:43:06.918783,0.92,0.08,1.0
2025-12-11T04:43:07.538600,0.92,0.08,1.0
2025-12-11T04:43:08.153751,0.915,0.085,1.0
2025-12-11T04:43:08.758684,0.915,0.085,1.0
2025-12-11T04:43:09.373988,0.915,0.085,1.0
2025-12-11T04:43:09.987415,0.92,0.08,1.0
2025-12-11T04:43:10.600840,0.915,0.085,1.0
2025-12-11T04:43:11.194521,0.92,0.08,1.0
2025-12-11T04:43:11.806924,0.92,0.08,1.0
2025-12-11T04:43:12.419443,0.92,0.08,1.0
2025-12-11T04:43:13.026043,0.915,0.085,1.0
2025-12-11T04:43:13.641672,0.925,0.075,1.0
2025-12-11T04:43:14.242787,0.925,0.075,1.0
2025-12-11T04:43:14.855123,0.925,0.08,1.0050000000000001
2025-12-11T04:43:15.480296,0.925,0.075,1.0
2025-12-11T04:43:16.089122,0.925,0.075,1.0
2025-12-11T04:43:16.708236,0.92,0.08,1.0
2025-12-11T04:43:17.323037,0.92,0.08,1.0
2025-12-11T04:43:17.941069,0.905,0.095,1.0
2025-12-11T04:43:18.549270,0.905,0.095,1.0
2025-12-11T04:43:19.159280,0.925,0.075,1.0
2025-12-11T04:43:19.768389,0.925,0.075,1.0
2025-12-11T04:43:20.392792,0.925,0.075,1.0
2025-12-11T04:43:21.011180,0.925,0.075,1.0
2025-12-11T04:43:21.619144,0.92,0.08,1.0
2025-12-11T04:43:22.233532,0.92,0.08,1.0
2025-12-11T04:43:22.848138,0.925,0.075,1.0
2025-12-11T04:43:23.467637,0.935,0.065,1.0
2025-12-11T04:43:24.092748,0.93,0.075,1.0050000000000001
2025-12-11T04:43:24.706291,0.925,0.075,1.0
2025-12-11T04:43:25.310657,0.94,0.06,1.0
2025-12-11T04:43:24.359011,0.915,0.085,1.0
2025-12-11T04:43:24.977868,0.915,0.085,1.0
2025-12-11T04:43:25.576814,0.91,0.09,1.0
2025-12-11T04:43:26.191392,0.905,0.095,1.0
2025-12-11T04:43:26.791460,0.905,0.095,1.0
2025-12-11T04:43:27.401751,0.905,0.095,1.0
2025-12-11T04:43:28.013174,0.905,0.095,1.0
2025-12-11T04:43:28.625796,0.915,0.085,1.0
2025-12-11T04:43:29.241755,0.91,0.09,1.0
2025-12-11T04:43:29.850458,0.915,0.085,1.0
2025-12-11T04:43:30.462395,0.905,0.095,1.0
2025-12-11T04:43:31.088187,0.895,0.1,0.995
2025-12-11T04:43:31.709632,0.895,0.105,1.0
2025-12-11T04:43:32.321653,0.895,0.105,1.0
2025-12-11T04:43:32.929525,0.895,0.105,1.0
2025-12-11T04:43:33.535591,0.9,0.1,1.0
2025-12-11T04:43:34.149769,0.905,0.095,1.0
2025-12-11T04:43:34.767465,0.905,0.095,1.0
2025-12-11T04:43:35.381888,0.905,0.095,1.0
2025-12-11T04:43:35.989871,0.91,0.09,1.0
2025-12-11T04:43:36.604010,0.915,0.085,1.0
2025-12-11T04:43:37.219636,0.915,0.085,1.0
2025-12-11T04:43:37.836075,0.915,0.085,1.0
2025-12-11T04:43:38.454510,0.915,0.085,1.0
2025-12-11T04:43:39.071104,0.905,0.095,1.0
2025-12-11T04:43:39.675701,0.905,0.09,0.995
2025-12-11T04:43:40.282636,0.915,0.085,1.0
2025-12-11T04:43:40.890092,0.915,0.085,1.0
2025-12-11T04:43:41.498060,0.915,0.085,1.0
2025-12-11T04:43:42.117076,0.915,0.085,1.0
2025-12-11T04:43:42.731105,0.91,0.09,1.0
2025-12-11T04:43:43.363027,0.91,0.09,1.0
2025-12-11T04:43:43.975892,0.93,0.07,1.0
2025-12-11T04:43:44.589650,0.925,0.075,1.0
2025-12-11T04:43:45.201911,0.93,0.075,1.0050000000000001
2025-12-11T04:43:45.811447,0.945,0.055,1.0
2025-12-11T04:43:46.413156,0.945,0.055,1.0
2025-12-11T04:43:47.027497,0.955,0.045,1.0
2025-12-11T04:43:47.640884,0.96,0.04,1.0
2025-12-11T04:43:48.255801,0.955,0.045,1.0
2025-12-11T04:43:48.868258,0.955,0.045,1.0
2025-12-11T04:43:49.487771,0.955,0.05,1.005
2025-12-11T04:43:50.106579,0.945,0.055,1.0
2025-12-11T04:43:50.736985,0.945,0.055,1.0
2025-12-11T04:43:51.350381,0.945,0.055,1.0
2025-12-11T04:43:51.972714,0.93,0.07,1.0
2025-12-11T04:43:52.579493,0.955,0.045,1.0
2025-12-11T04:43:53.188794,0.955,0.045,1.0
2025-12-11T04:43:53.803322,0.955,0.045,1.0
2025-12-11T04:43:54.422377,0.935,0.065,1.0
2025-12-11T04:43:55.037200,0.925,0.075,1.0
2025-12-11T04:43:55.650220,0.93,0.07,1.0
2025-12-11T04:43:56.294061,0.935,0.065,1.0
2025-12-11T04:43:55.297877,0.935,0.065,1.0
2025-12-11T04:43:55.921404,0.945,0.055,1.0
2025-12-11T04:43:56.536155,0.945,0.055,1.0
2025-12-11T04:43:57.153420,0.945,0.055,1.0
2025-12-11T04:43:57.770456,0.95,0.05,1.0
2025-12-11T04:43:58.388434,0.955,0.045,1.0
2025-12-11T04:43:59.008278,0.935,0.065,1.0
2025-12-11T04:43:59.622825,0.905,0.095,1.0
2025-12-11T04:44:00.227945,0.9,0.105,1.0050000000000001
2025-12-11T04:44:00.843196,0.895,0.105,1.0
2025-12-11T04:44:01.446883,0.895,0.105,1.0
2025-12-11T04:44:02.062685,0.89,0.1,0.99
2025-12-11T04:44:02.683646,0.915,0.085,1.0
2025-12-11T04:44:03.292089,0.94,0.055,0.995
2025-12-11T04:44:03.906943,0.965,0.035,1.0
2025-12-11T04:44:04.524030,0.965,0.035,1.0
2025-12-11T04:44:05.134156,0.94,0.06,1.0
2025-12-11T04:44:05.740735,0.95,0.055,1.005
2025-12-11T04:44:06.351577,0.945,0.055,1.0
2025-12-11T04:44:06.968004,0.965,0.035,1.0
2025-12-11T04:44:07.582310,0.965,0.035,1.0
2025-12-11T04:44:08.190288,0.965,0.035,1.0
2025-12-11T04:44:08.804047,0.965,0.035,1.0
2025-12-11T04:44:09.427094,0.965,0.035,1.0
2025-12-11T04:44:10.052237,0.965,0.035,1.0
2025-12-11T04:44:10.668855,0.975,0.025,1.0
2025-12-11T04:44:11.282174,0.975,0.04,1.015
2025-12-11T04:44:11.878972,0.955,0.045,1.0
2025-12-11T04:44:12.489698,0.915,0.085,1.0
2025-12-11T04:44:13.110138,0.905,0.095,1.0
2025-12-11T04:44:13.732485,0.875,0.125,1.0
2025-12-11T04:44:14.333964,0.875,0.125,1.0
2025-12-11T04:44:14.952571,0.865,0.135,1.0
2025-12-11T04:44:15.567297,0.865,0.135,1.0
2025-12-11T04:44:16.173231,0.855,0.135,0.99
2025-12-11T04:44:16.787609,0.885,0.115,1.0
2025-12-11T04:44:17.409835,0.86,0.14,1.0
2025-12-11T04:44:18.025718,0.86,0.14,1.0
2025-12-11T04:44:18.656618,0.87,0.13,1.0
2025-12-11T04:44:19.261137,0.87,0.13,1.0
2025-12-11T04:44:19.878248,0.87,0.13,1.0
2025-12-11T04:44:20.510529,0.875,0.125,1.0
2025-12-11T04:44:21.131349,0.885,0.115,1.0
2025-12-11T04:44:21.759871,0.88,0.12,1.0
2025-12-11T04:44:22.374240,0.88,0.125,1.005
2025-12-11T04:44:22.989957,0.89,0.11,1.0
2025-12-11T04:44:23.602084,0.905,0.095,1.0
2025-12-11T04:44:24.212866,0.915,0.085,1.0
2025-12-11T04:44:24.824385,0.925,0.075,1.0
2025-12-11T04:44:25.446666,0.92,0.08,1.0
2025-12-11T04:44:26.057056,0.925,0.075,1.0
2025-12-11T04:44:26.668460,0.955,0.045,1.0
2025-12-11T04:44:25.691827,0.965,0.035,1.0
2025-12-11T04:44:26.326448,0.965,0.035,1.0
2025-12-11T04:44:26.919279,0.965,0.035,1.0
2025-12-11T04:44:27.531571,0.965,0.035,1.0
2025-12-11T04:44:28.144621,0.975,0.025,1.0
2025-12-11T04:44:28.749760,0.975,0.025,1.0
2025-12-11T04:44:29.368046,0.975,0.025,1.0
2025-12-11T04:44:29.970245,0.975,0.025,1.0
2025-12-11T04:44:30.585412,0.975,0.025,1.0
2025-12-11T04:44:31.187608,0.975,0.025,1.0
2025-12-11T04:44:31.804432,0.975,0.025,1.0
2025-12-11T04:44:32.424995,0.975,0.025,1.0
2025-12-11T04:44:33.038953,0.985,0.015,1.0
2025-12-11T04:44:33.656202,0.98,0.02,1.0
2025-12-11T04:44:34.265041,0.98,0.02,1.0
2025-12-11T04:44:34.881647,0.985,0.015,1.0
2025-12-11T04:44:35.492739,0.98,0.02,1.0
2025-12-11T04:44:36.102977,0.985,0.015,1.0
2025-12-11T04:44:36.714148,0.985,0.015,1.0
2025-12-11T04:44:37.338111,0.985,0.015,1.0
2025-12-11T04:44:37.967274,0.985,0.015,1.0
2025-12-11T04:44:38.579947,0.985,0.015,1.0
2025-12-11T04:44:39.193339,0.975,0.025,1.0
2025-12-11T04:44:39.804864,0.985,0.015,1.0
2025-12-11T04:44:40.425560,0.985,0.015,1.0
2025-12-11T04:44:41.031785,0.985,0.015,1.0
2025-12-11T04:44:41.639287,0.985,0.015,1.0
2025-12-11T04:44:42.284339,0.985,0.015,1.0
2025-12-11T04:44:42.906196,0.985,0.015,1.0
2025-12-11T04:44:43.523158,0.985,0.015,1.0
2025-12-11T04:44:44.146140,0.985,0.015,1.0
2025-12-11T04:44:44.773796,0.985,0.015,1.0
2025-12-11T04:44:45.392331,0.985,0.015,1.0
2025-12-11T04:44:46.012558,0.985,0.015,1.0
2025-12-11T04:44:46.631956,0.985,0.015,1.0
2025-12-11T04:44:47.239165,0.985,0.015,1.0
2025-12-11T04:44:47.846151,0.985,0.015,1.0
2025-12-11T04:44:48.467848,0.985,0.015,1.0
2025-12-11T04:44:49.086316,0.985,0.015,1.0
2025-12-11T04:44:49.704938,0.985,0.015,1.0
2025-12-11T04:44:50.327261,0.985,0.015,1.0
2025-12-11T04:44:50.943985,0.995,0.005,1.0
2025-12-11T04:44:51.560615,0.995,0.005,1.0
2025-12-11T04:44:52.171804,0.995,0.005,1.0
2025-12-11T04:44:52.790188,0.995,0.005,1.0
2025-12-11T04:44:53.399009,0.995,0.005,1.0
2025-12-11T04:44:54.005168,0.995,0.005,1.0
2025-12-11T04:44:54.612620,0.995,0.005,1.0
2025-12-11T04:44:55.227916,0.995,0.005,1.0
2025-12-11T04:44:55.846752,0.995,0.005,1.0
2025-12-11T04:44:56.464132,0.995,0.005,1.0
2025-12-11T04:44:57.076984,0.995,0.005,1.0
2025-12-11T04:44:56.131607,0.995,0.005,1.0
2025-12-11T04:44:56.739807,0.995,0.005,1.0
2025-12-11T04:44:57.352175,0.995,0.005,1.0
2025-12-11T04:44:57.966401,0.995,0.005,1.0
2025-12-11T04:44:58.581948,0.995,0.005,1.0
2025-12-11T04:44:59.196314,0.995,0.005,1.0
2025-12-11T04:44:59.809844,0.995,0.005,1.0
2025-12-11T04:45:00.419540,0.995,0.005,1.0
2025-12-11T04:45:01.037480,0.995,0.005,1.0
2025-12-11T04:45:01.649621,0.995,0.005,1.0
2025-12-11T04:45:02.265134,0.995,0.005,1.0
2025-12-11T04:45:02.890331,0.995,0.005,1.0
2025-12-11T04:45:03.508425,0.995,0.005,1.0
2025-12-11T04:45:04.117979,0.995,0.005,1.0
2025-12-11T04:45:04.731097,0.995,0.005,1.0
2025-12-11T04:45:05.346133,0.995,0.005,1.0
2025-12-11T04:45:05.956016,0.995,0.005,1.0
2025-12-11T04:45:06.557909,0.995,0.005,1.0
2025-12-11T04:45:07.178047,0.995,0.005,1.0
2025-12-11T04:45:07.793641,0.995,0.005,1.0
2025-12-11T04:45:08.407000,0.995,0.005,1.0
2025-12-11T04:45:09.014351,0.995,0.005,1.0
2025-12-11T04:45:09.629198,0.995,0.005,1.0
2025-12-11T04:45:10.252494,0.995,0.005,1.0
2025-12-11T04:45:10.903864,0.995,0.005,1.0
2025-12-11T04:45:11.518068,0.995,0.005,1.0
2025-12-11T04:45:12.132147,0.995,0.005,1.0
2025-12-11T04:45:12.743901,0.995,0.005,1.0
2025-12-11T04:45:13.356633,0.995,0.005,1.0
2025-12-11T04:45:13.970811,0.995,0.005,1.0
2025-12-11T04:45:14.585598,0.995,0.005,1.0
2025-12-11T04:45:15.201582,0.995,0.005,1.0
2025-12-11T04:45:15.814702,0.995,0.005,1.0
2025-12-11T04:45:16.424947,0.995,0.005,1.0
2025-12-11T04:45:17.035613,0.995,0.005,1.0
2025-12-11T04:45:17.645660,0.995,0.005,1.0
2025-12-11T04:45:18.257044,0.995,0.005,1.0
2025-12-11T04:45:18.881150,0.995,0.005,1.0
2025-12-11T04:45:19.482662,0.995,0.005,1.0
2025-12-11T04:45:20.098188,0.995,0.005,1.0
2025-12-11T04:45:20.727188,0.995,0.005,1.0
2025-12-11T04:45:21.347614,0.995,0.005,1.0
2025-12-11T04:45:21.955894,0.995,0.005,1.0
2025-12-11T04:45:22.567685,0.995,0.005,1.0
2025-12-11T04:45:23.183223,0.995,0.005,1.0
2025-12-11T04:45:23.786937,0.995,0.005,1.0
2025-12-11T04:45:24.403165,0.995,0.005,1.0
2025-12-11T04:45:25.010267,0.995,0.005,1.0
2025-12-11T04:45:25.623963,0.995,0.005,1.0
2025-12-11T04:45:26.228544,0.995,0.005,1.0
2025-12-11T04:45:26.840610,0.995,0.005,1.0
2025-12-11T04:45:27.454154,0.995,0.005,1.0
2025-12-11T04:45:28.066587,0.995,0.005,1.0
2025-12-11T04:45:27.102261,0.995,0.005,1.0
2025-12-11T04:45:27.713707,0.995,0.005,1.0
2025-12-11T04:45:28.313577,0.995,0.005,1.0
2025-12-11T04:45:28.924597,0.995,0.005,1.0
2025-12-11T04:45:29.535733,0.995,0.005,1.0
2025-12-11T04:45:30.153288,0.995,0.005,1.0
2025-12-11T04:45:30.769526,0.995,0.005,1.0
2025-12-11T04:45:31.373102,0.995,0.005,1.0
2025-12-11T04:45:31.974632,0.995,0.005,1.0
2025-12-11T04:45:32.575662,0.995,0.005,1.0
2025-12-11T04:45:33.193184,0.995,0.005,1.0
2025-12-11T04:45:33.809428,0.995,0.005,1.0
2025-12-11T04:45:34.427907,0.995,0.005,1.0
2025-12-11T04:45:35.036988,0.995,0.005,1.0
2025-12-11T04:45:35.645500,0.995,0.005,1.0
2025-12-11T04:45:36.264822,0.995,0.005,1.0
2025-12-11T04:45:36.878049,0.995,0.005,1.0
2025-12-11T04:45:37.491678,0.995,0.005,1.0
2025-12-11T04:45:38.102735,0.995,0.005,1.0
2025-12-11T04:45:38.704860,0.995,0.005,1.0
2025-12-11T04:45:39.300856,0.995,0.005,1.0
2025-12-11T04:45:39.921365,0.995,0.005,1.0
2025-12-11T04:45:40.545781,0.995,0.005,1.0
2025-12-11T04:45:41.162458,0.995,0.005,1.0
2025-12-11T04:45:41.773296,0.995,0.005,1.0
2025-12-11T04:45:42.389524,0.995,0.005,1.0
2025-12-11T04:45:42.995358,0.995,0.005,1.0
2025-12-11T04:45:43.618499,0.995,0.005,1.0
2025-12-11T04:45:44.228590,0.995,0.005,1.0
2025-12-11T04:45:44.824802,0.995,0.005,1.0
2025-12-11T04:45:45.435743,0.995,0.005,1.0
2025-12-11T04:45:46.044415,0.995,0.005,1.0
2025-12-11T04:45:46.658566,0.995,0.005,1.0
2025-12-11T04:45:47.255008,0.995,0.005,1.0
2025-12-11T04:45:47.868013,0.995,0.005,1.0
2025-12-11T04:45:48.481627,0.995,0.005,1.0
2025-12-11T04:45:49.090835,0.995,0.005,1.0
2025-12-11T04:45:49.701083,0.995,0.005,1.0
2025-12-11T04:45:50.314562,0.995,0.005,1.0
2025-12-11T04:45:50.935943,0.995,0.005,1.0
2025-12-11T04:45:51.552236,0.995,0.005,1.0
2025-12-11T04:45:52.167180,0.995,0.005,1.0
2025-12-11T04:45:52.778978,0.995,0.005,1.0
2025-12-11T04:45:53.391498,0.995,0.005,1.0
2025-12-11T04:45:54.007620,0.995,0.005,1.0
2025-12-11T04:45:54.605788,0.995,0.005,1.0
2025-12-11T04:45:55.214134,0.995,0.005,1.0
2025-12-11T04:45:55.830539,0.995,0.005,1.0
2025-12-11T04:45:56.443982,0.995,0.005,1.0
2025-12-11T04:45:57.080794,0.995,0.005,1.0
2025-12-11T04:45:57.680429,0.995,0.005,1.0
2025-12-11T04:45:58.292727,0.995,0.005,1.0
2025-12-11T04:45:58.904523,0.995,0.005,1.0
2025-12-11T04:45:57.929753,0.995,0.005,1.0
2025-12-11T04:45:58.545957,0.995,0.005,1.0
2025-12-11T04:45:59.164106,0.995,0.005,1.0
2025-12-11T04:45:59.780057,0.995,0.005,1.0
