timestamp,price_yes,price_no,sum_prices
2025-12-10T23:01:00.408634,0.575,0.425,1.0
2025-12-10T23:01:01.050398,0.575,0.425,1.0
2025-12-10T23:01:01.671944,0.575,0.425,1.0
2025-12-10T23:01:02.324161,0.575,0.425,1.0
2025-12-10T23:01:02.946378,0.595,0.405,1.0
2025-12-10T23:01:03.595695,0.595,0.4,0.995
2025-12-10T23:01:04.252805,0.605,0.395,1.0
2025-12-10T23:01:04.886013,0.605,0.395,1.0
2025-12-10T23:01:05.500704,0.605,0.395,1.0
2025-12-10T23:01:04.476318,0.605,0.395,1.0
2025-12-10T23:01:05.115785,0.605,0.395,1.0
2025-12-10T23:01:05.745568,0.595,0.405,1.0
2025-12-10T23:01:06.384723,0.61,0.39,1.0
2025-12-10T23:01:06.990129,0.605,0.405,1.01
2025-12-10T23:01:07.637239,0.6,0.4,1.0
2025-12-10T23:01:08.255575,0.595,0.405,1.0
2025-12-10T23:01:08.896321,0.615,0.385,1.0
2025-12-10T23:01:09.539293,0.61,0.39,1.0
2025-12-10T23:01:10.157474,0.605,0.395,1.0
2025-12-10T23:01:10.789046,0.595,0.405,1.0
2025-12-10T23:01:11.426349,0.605,0.395,1.0
2025-12-10T23:01:12.047584,0.625,0.375,1.0
2025-12-10T23:01:12.701362,0.635,0.365,1.0
2025-12-10T23:01:13.356879,0.625,0.375,1.0
2025-12-10T23:01:14.014092,0.625,0.375,1.0
2025-12-10T23:01:14.672668,0.625,0.375,1.0
2025-12-10T23:01:15.306267,0.63,0.37,1.0
2025-12-10T23:01:15.940993,0.625,0.375,1.0
2025-12-10T23:01:16.597919,0.645,0.345,0.99
2025-12-10T23:01:17.207026,0.655,0.345,1.0
2025-12-10T23:01:17.855770,0.665,0.335,1.0
2025-12-10T23:01:18.498381,0.675,0.325,1.0
2025-12-10T23:01:19.146417,0.685,0.315,1.0
2025-12-10T23:01:19.772895,0.685,0.315,1.0
2025-12-10T23:01:20.394290,0.685,0.315,1.0
2025-12-10T23:01:21.021010,0.685,0.315,1.0
2025-12-10T23:01:21.727111,0.695,0.305,1.0
2025-12-10T23:01:22.341296,0.695,0.305,1.0
2025-12-10T23:01:22.990002,0.695,0.305,1.0
2025-12-10T23:01:23.634376,0.695,0.305,1.0
2025-12-10T23:01:24.258612,0.695,0.305,1.0
2025-12-10T23:01:24.889494,0.695,0.305,1.0
2025-12-10T23:01:25.518757,0.69,0.31,1.0
2025-12-10T23:01:26.164718,0.705,0.295,1.0
2025-12-10T23:01:26.781901,0.695,0.305,1.0
2025-12-10T23:01:27.459959,0.71,0.29,1.0
2025-12-10T23:01:28.085946,0.705,0.295,1.0
2025-12-10T23:01:28.747568,0.715,0.285,1.0
2025-12-10T23:01:29.391801,0.695,0.305,1.0
2025-12-10T23:01:30.018841,0.705,0.275,0.98
2025-12-10T23:01:30.649600,0.715,0.285,1.0
2025-12-10T23:01:31.265085,0.715,0.285,1.0
2025-12-10T23:01:31.871421,0.72,0.28,1.0
2025-12-10T23:01:32.517966,0.72,0.28,1.0
2025-12-10T23:01:33.167757,0.735,0.265,1.0
2025-12-10T23:01:33.894364,0.745,0.255,1.0
2025-12-10T23:01:34.527085,0.73,0.27,1.0
2025-12-10T23:01:35.145381,0.735,0.265,1.0
2025-12-10T23:01:35.802215,0.73,0.27,1.0
2025-12-10T23:01:36.439614,0.735,0.265,1.0
2025-12-10T23:01:35.398273,0.735,0.265,1.0
2025-12-10T23:01:36.073711,0.73,0.27,1.0
2025-12-10T23:01:36.705807,0.735,0.265,1.0
2025-12-10T23:01:37.362319,0.735,0.265,1.0
2025-12-10T23:01:37.985079,0.735,0.265,1.0
2025-12-10T23:01:38.668756,0.735,0.275,1.01
2025-12-10T23:01:39.305072,0.725,0.28,1.005
2025-12-10T23:01:39.927740,0.715,0.285,1.0
2025-12-10T23:01:40.655486,0.735,0.275,1.01
2025-12-10T23:01:41.305451,0.725,0.275,1.0
2025-12-10T23:01:41.922855,0.72,0.28,1.0
2025-12-10T23:01:42.537945,0.72,0.28,1.0
2025-12-10T23:01:43.181600,0.725,0.275,1.0
2025-12-10T23:01:43.786733,0.725,0.275,1.0
2025-12-10T23:01:44.417167,0.725,0.275,1.0
2025-12-10T23:01:45.053777,0.725,0.275,1.0
2025-12-10T23:01:45.680565,0.72,0.28,1.0
2025-12-10T23:01:46.310019,0.72,0.28,1.0
2025-12-10T23:01:46.977351,0.72,0.28,1.0
2025-12-10T23:01:47.625138,0.715,0.285,1.0
2025-12-10T23:01:48.246908,0.735,0.265,1.0
2025-12-10T23:01:48.910276,0.735,0.265,1.0
2025-12-10T23:01:49.530383,0.745,0.255,1.0
2025-12-10T23:01:50.137714,0.74,0.26,1.0
2025-12-10T23:01:50.780627,0.74,0.26,1.0
2025-12-10T23:01:51.418862,0.725,0.275,1.0
2025-12-10T23:01:52.074763,0.725,0.275,1.0
2025-12-10T23:01:52.726903,0.725,0.275,1.0
2025-12-10T23:01:53.358524,0.725,0.275,1.0
2025-12-10T23:01:53.988322,0.725,0.275,1.0
2025-12-10T23:01:54.642142,0.725,0.275,1.0
2025-12-10T23:01:55.282281,0.725,0.275,1.0
2025-12-10T23:01:55.916862,0.715,0.285,1.0
2025-12-10T23:01:56.551187,0.715,0.285,1.0
2025-12-10T23:01:57.182132,0.725,0.275,1.0
2025-12-10T23:01:57.804701,0.725,0.275,1.0
2025-12-10T23:01:58.436303,0.725,0.275,1.0
2025-12-10T23:01:59.075477,0.725,0.275,1.0
2025-12-10T23:01:59.697911,0.725,0.275,1.0
2025-12-10T23:02:00.318886,0.765,0.235,1.0
2025-12-10T23:02:00.938029,0.765,0.235,1.0
2025-12-10T23:02:01.541686,0.77,0.225,0.995
2025-12-10T23:02:02.166688,0.775,0.225,1.0
2025-12-10T23:02:02.790121,0.77,0.23,1.0
2025-12-10T23:02:03.424756,0.775,0.215,0.99
2025-12-10T23:02:04.061682,0.775,0.225,1.0
2025-12-10T23:02:04.691814,0.755,0.24,0.995
2025-12-10T23:02:05.336785,0.755,0.25,1.005
2025-12-10T23:02:05.960371,0.75,0.245,0.995
2025-12-10T23:02:06.602899,0.755,0.25,1.005
2025-12-10T23:02:05.623068,0.75,0.25,1.0
2025-12-10T23:02:06.262107,0.755,0.245,1.0
2025-12-10T23:02:06.911524,0.755,0.245,1.0
2025-12-10T23:02:07.576813,0.755,0.245,1.0
2025-12-10T23:02:08.202980,0.755,0.245,1.0
2025-12-10T23:02:08.824554,0.745,0.255,1.0
2025-12-10T23:02:09.505116,0.74,0.26,1.0
2025-12-10T23:02:10.124529,0.735,0.265,1.0
2025-12-10T23:02:10.746852,0.735,0.265,1.0
2025-12-10T23:02:11.372611,0.735,0.265,1.0
2025-12-10T23:02:12.019998,0.735,0.265,1.0
2025-12-10T23:02:12.657144,0.735,0.265,1.0
2025-12-10T23:02:13.314040,0.735,0.265,1.0
2025-12-10T23:02:13.952225,0.725,0.275,1.0
2025-12-10T23:02:14.582937,0.725,0.275,1.0
2025-12-10T23:02:15.203665,0.725,0.275,1.0
2025-12-10T23:02:15.825927,0.725,0.275,1.0
2025-12-10T23:02:16.471090,0.725,0.275,1.0
2025-12-10T23:02:17.143448,0.725,0.28,1.005
2025-12-10T23:02:17.766906,0.715,0.285,1.0
2025-12-10T23:02:18.413538,0.715,0.285,1.0
2025-12-10T23:02:19.029434,0.715,0.285,1.0
2025-12-10T23:02:19.644418,0.715,0.285,1.0
2025-12-10T23:02:20.265697,0.715,0.285,1.0
2025-12-10T23:02:20.915945,0.725,0.275,1.0
2025-12-10T23:02:21.550278,0.725,0.275,1.0
2025-12-10T23:02:22.161564,0.725,0.275,1.0
2025-12-10T23:02:22.791031,0.725,0.275,1.0
2025-12-10T23:02:23.433800,0.725,0.275,1.0
2025-12-10T23:02:24.041400,0.71,0.29,1.0
2025-12-10T23:02:24.690046,0.71,0.29,1.0
2025-12-10T23:02:25.331455,0.715,0.285,1.0
2025-12-10T23:02:25.959281,0.725,0.275,1.0
2025-12-10T23:02:26.585841,0.725,0.275,1.0
2025-12-10T23:02:27.207837,0.725,0.275,1.0
2025-12-10T23:02:27.837803,0.725,0.275,1.0
2025-12-10T23:02:28.484920,0.72,0.28,1.0
2025-12-10T23:02:29.109718,0.72,0.28,1.0
2025-12-10T23:02:29.745011,0.72,0.28,1.0
2025-12-10T23:02:30.372731,0.715,0.285,1.0
2025-12-10T23:02:31.033822,0.705,0.295,1.0
2025-12-10T23:02:31.666226,0.705,0.295,1.0
2025-12-10T23:02:32.287311,0.705,0.295,1.0
2025-12-10T23:02:32.927022,0.69,0.315,1.005
2025-12-10T23:02:33.578761,0.66,0.34,1.0
2025-12-10T23:02:34.191297,0.655,0.34,0.9950000000000001
2025-12-10T23:02:34.805913,0.66,0.34,1.0
2025-12-10T23:02:35.473574,0.66,0.34,1.0
2025-12-10T23:02:36.102075,0.66,0.34,1.0
2025-12-10T23:02:36.745490,0.655,0.345,1.0
2025-12-10T23:02:37.363738,0.66,0.34,1.0
2025-12-10T23:02:36.338969,0.66,0.34,1.0
2025-12-10T23:02:36.954461,0.655,0.345,1.0
2025-12-10T23:02:37.600169,0.655,0.345,1.0
2025-12-10T23:02:38.222886,0.655,0.345,1.0
2025-12-10T23:02:38.829764,0.655,0.345,1.0
2025-12-10T23:02:39.456988,0.67,0.33,1.0
2025-12-10T23:02:40.077103,0.675,0.325,1.0
2025-12-10T23:02:40.738092,0.67,0.33,1.0
2025-12-10T23:02:41.367959,0.67,0.33,1.0
2025-12-10T23:02:41.979954,0.665,0.335,1.0
2025-12-10T23:02:42.585699,0.665,0.335,1.0
2025-12-10T23:02:43.201444,0.665,0.335,1.0
2025-12-10T23:02:43.844225,0.665,0.335,1.0
2025-12-10T23:02:44.456535,0.665,0.335,1.0
2025-12-10T23:02:45.075298,0.66,0.34,1.0
2025-12-10T23:02:45.692194,0.655,0.345,1.0
2025-12-10T23:02:46.344600,0.655,0.345,1.0
2025-12-10T23:02:46.972039,0.655,0.345,1.0
2025-12-10T23:02:47.598056,0.67,0.33,1.0
2025-12-10T23:02:48.211259,0.655,0.345,1.0
2025-12-10T23:02:48.835991,0.655,0.345,1.0
2025-12-10T23:02:49.455123,0.655,0.34,0.9950000000000001
2025-12-10T23:02:50.087140,0.665,0.335,1.0
2025-12-10T23:02:50.726428,0.655,0.345,1.0
2025-12-10T23:02:51.359376,0.655,0.345,1.0
2025-12-10T23:02:51.990001,0.655,0.345,1.0
2025-12-10T23:02:52.597886,0.655,0.345,1.0
2025-12-10T23:02:53.243204,0.655,0.345,1.0
2025-12-10T23:02:53.883618,0.655,0.345,1.0
2025-12-10T23:02:54.530355,0.655,0.345,1.0
2025-12-10T23:02:55.151282,0.655,0.345,1.0
2025-12-10T23:02:55.797270,0.655,0.345,1.0
2025-12-10T23:02:56.441415,0.655,0.345,1.0
2025-12-10T23:02:57.073398,0.655,0.345,1.0
2025-12-10T23:02:57.693586,0.655,0.345,1.0
2025-12-10T23:02:58.344441,0.655,0.345,1.0
2025-12-10T23:02:58.962185,0.665,0.335,1.0
2025-12-10T23:02:59.594654,0.665,0.335,1.0
2025-12-10T23:03:00.218007,0.665,0.335,1.0
2025-12-10T23:03:00.864685,0.665,0.335,1.0
2025-12-10T23:03:01.502020,0.665,0.335,1.0
2025-12-10T23:03:02.129177,0.635,0.365,1.0
2025-12-10T23:03:02.756565,0.615,0.385,1.0
2025-12-10T23:03:03.395633,0.605,0.395,1.0
2025-12-10T23:03:04.015979,0.615,0.385,1.0
2025-12-10T23:03:04.656655,0.62,0.385,1.005
2025-12-10T23:03:05.289173,0.635,0.365,1.0
2025-12-10T23:03:05.912054,0.645,0.355,1.0
2025-12-10T23:03:06.543062,0.655,0.345,1.0
2025-12-10T23:03:07.192087,0.67,0.33,1.0
2025-12-10T23:03:07.833751,0.67,0.33,1.0
2025-12-10T23:03:06.815524,0.66,0.34,1.0
2025-12-10T23:03:07.439821,0.655,0.345,1.0
2025-12-10T23:03:08.087274,0.655,0.345,1.0
2025-12-10T23:03:08.713937,0.66,0.34,1.0
2025-12-10T23:03:09.338276,0.665,0.335,1.0
2025-12-10T23:03:09.940928,0.675,0.325,1.0
2025-12-10T23:03:10.570501,0.665,0.335,1.0
2025-12-10T23:03:11.208588,0.67,0.33,1.0
2025-12-10T23:03:11.869916,0.67,0.335,1.0050000000000001
2025-12-10T23:03:12.513162,0.665,0.335,1.0
2025-12-10T23:03:13.130149,0.665,0.335,1.0
2025-12-10T23:03:13.788435,0.67,0.335,1.0050000000000001
2025-12-10T23:03:14.425808,0.665,0.335,1.0
2025-12-10T23:03:15.106982,0.665,0.34,1.0050000000000001
2025-12-10T23:03:15.755322,0.66,0.34,1.0
2025-12-10T23:03:16.431872,0.66,0.34,1.0
2025-12-10T23:03:17.048733,0.66,0.34,1.0
2025-12-10T23:03:17.700854,0.66,0.34,1.0
2025-12-10T23:03:18.343595,0.66,0.34,1.0
2025-12-10T23:03:18.957338,0.665,0.335,1.0
2025-12-10T23:03:19.584202,0.66,0.34,1.0
2025-12-10T23:03:20.212625,0.66,0.34,1.0
2025-12-10T23:03:20.840459,0.66,0.34,1.0
2025-12-10T23:03:21.478971,0.66,0.34,1.0
2025-12-10T23:03:22.128970,0.655,0.345,1.0
2025-12-10T23:03:22.760990,0.655,0.345,1.0
2025-12-10T23:03:23.379298,0.65,0.35,1.0
2025-12-10T23:03:24.017495,0.655,0.345,1.0
2025-12-10T23:03:24.647615,0.655,0.345,1.0
2025-12-10T23:03:25.256592,0.655,0.35,1.005
2025-12-10T23:03:25.895860,0.635,0.365,1.0
2025-12-10T23:03:26.499669,0.645,0.345,0.99
2025-12-10T23:03:27.147708,0.655,0.345,1.0
2025-12-10T23:03:27.778508,0.655,0.345,1.0
2025-12-10T23:03:28.460249,0.655,0.345,1.0
2025-12-10T23:03:29.083805,0.65,0.35,1.0
2025-12-10T23:03:29.710689,0.655,0.345,1.0
2025-12-10T23:03:30.339194,0.665,0.335,1.0
2025-12-10T23:03:30.959293,0.665,0.335,1.0
2025-12-10T23:03:31.579301,0.675,0.325,1.0
2025-12-10T23:03:32.246788,0.675,0.325,1.0
2025-12-10T23:03:32.877822,0.675,0.325,1.0
2025-12-10T23:03:33.519419,0.675,0.325,1.0
2025-12-10T23:03:34.167888,0.675,0.325,1.0
2025-12-10T23:03:34.826633,0.675,0.325,1.0
2025-12-10T23:03:35.468061,0.675,0.325,1.0
2025-12-10T23:03:36.098913,0.675,0.32,0.9950000000000001
2025-12-10T23:03:36.730965,0.68,0.32,1.0
2025-12-10T23:03:37.377215,0.68,0.32,1.0
2025-12-10T23:03:38.022846,0.68,0.32,1.0
2025-12-10T23:03:38.641356,0.68,0.32,1.0
2025-12-10T23:03:37.641334,0.68,0.32,1.0
2025-12-10T23:03:38.284356,0.685,0.315,1.0
2025-12-10T23:03:38.920714,0.68,0.32,1.0
2025-12-10T23:03:39.545657,0.68,0.32,1.0
2025-12-10T23:03:40.174037,0.68,0.32,1.0
2025-12-10T23:03:40.851003,0.68,0.32,1.0
2025-12-10T23:03:41.501837,0.685,0.315,1.0
2025-12-10T23:03:42.141620,0.685,0.315,1.0
2025-12-10T23:03:42.778863,0.685,0.315,1.0
2025-12-10T23:03:43.427222,0.685,0.315,1.0
2025-12-10T23:03:44.062860,0.685,0.315,1.0
2025-12-10T23:03:44.709570,0.68,0.32,1.0
2025-12-10T23:03:45.347987,0.68,0.32,1.0
2025-12-10T23:03:45.993214,0.68,0.32,1.0
2025-12-10T23:03:46.624734,0.68,0.32,1.0
2025-12-10T23:03:47.262197,0.68,0.32,1.0
2025-12-10T23:03:47.895452,0.68,0.32,1.0
2025-12-10T23:03:48.507604,0.68,0.32,1.0
2025-12-10T23:03:49.135804,0.675,0.325,1.0
2025-12-10T23:03:49.783758,0.675,0.325,1.0
2025-12-10T23:03:50.385015,0.68,0.32,1.0
2025-12-10T23:03:51.007941,0.68,0.32,1.0
2025-12-10T23:03:51.633843,0.68,0.32,1.0
2025-12-10T23:03:52.255574,0.68,0.32,1.0
2025-12-10T23:03:52.880410,0.68,0.32,1.0
2025-12-10T23:03:53.508214,0.685,0.315,1.0
2025-12-10T23:03:54.125122,0.685,0.315,1.0
2025-12-10T23:03:54.738736,0.685,0.315,1.0
2025-12-10T23:03:55.374141,0.705,0.295,1.0
2025-12-10T23:03:56.001005,0.705,0.285,0.99
2025-12-10T23:03:56.610387,0.715,0.285,1.0
2025-12-10T23:03:57.230565,0.725,0.275,1.0
2025-12-10T23:03:57.862147,0.725,0.275,1.0
2025-12-10T23:03:58.494403,0.735,0.265,1.0
2025-12-10T23:03:59.102688,0.735,0.265,1.0
2025-12-10T23:03:59.735306,0.735,0.265,1.0
2025-12-10T23:04:00.363488,0.745,0.255,1.0
2025-12-10T23:04:01.009598,0.74,0.26,1.0
2025-12-10T23:04:01.640438,0.74,0.26,1.0
2025-12-10T23:04:02.269958,0.74,0.26,1.0
2025-12-10T23:04:02.902906,0.735,0.26,0.995
2025-12-10T23:04:03.665816,0.74,0.26,1.0
2025-12-10T23:04:04.280139,0.74,0.26,1.0
2025-12-10T23:04:04.890605,0.74,0.26,1.0
2025-12-10T23:04:05.530502,0.74,0.26,1.0
2025-12-10T23:04:06.153180,0.735,0.265,1.0
2025-12-10T23:04:06.765699,0.735,0.265,1.0
2025-12-10T23:04:07.401604,0.725,0.275,1.0
2025-12-10T23:04:08.052666,0.725,0.275,1.0
2025-12-10T23:04:08.677218,0.7,0.3,1.0
2025-12-10T23:04:09.341053,0.695,0.305,1.0
2025-12-10T23:04:08.322169,0.695,0.305,1.0
2025-12-10T23:04:08.937543,0.695,0.305,1.0
2025-12-10T23:04:09.559669,0.695,0.305,1.0
2025-12-10T23:04:10.179492,0.695,0.305,1.0
2025-12-10T23:04:10.808113,0.695,0.305,1.0
2025-12-10T23:04:11.425238,0.69,0.31,1.0
2025-12-10T23:04:12.052152,0.685,0.315,1.0
2025-12-10T23:04:12.676246,0.675,0.325,1.0
2025-12-10T23:04:13.316663,0.675,0.325,1.0
2025-12-10T23:04:13.936733,0.675,0.325,1.0
2025-12-10T23:04:14.564318,0.675,0.325,1.0
2025-12-10T23:04:15.199142,0.675,0.325,1.0
2025-12-10T23:04:15.828506,0.675,0.325,1.0
2025-12-10T23:04:16.441013,0.675,0.325,1.0
2025-12-10T23:04:17.078271,0.675,0.325,1.0
2025-12-10T23:04:17.695275,0.665,0.335,1.0
2025-12-10T23:04:18.305038,0.67,0.33,1.0
2025-12-10T23:04:18.952541,0.67,0.33,1.0
2025-12-10T23:04:19.572802,0.67,0.33,1.0
2025-12-10T23:04:20.194550,0.67,0.33,1.0
2025-12-10T23:04:20.818826,0.67,0.33,1.0
2025-12-10T23:04:21.452508,0.67,0.33,1.0
2025-12-10T23:04:22.103413,0.67,0.33,1.0
2025-12-10T23:04:22.715410,0.67,0.33,1.0
2025-12-10T23:04:23.330001,0.67,0.33,1.0
2025-12-10T23:04:23.964146,0.675,0.32,0.9950000000000001
2025-12-10T23:04:24.605156,0.68,0.32,1.0
2025-12-10T23:04:25.229926,0.68,0.32,1.0
2025-12-10T23:04:25.874436,0.68,0.32,1.0
2025-12-10T23:04:26.515985,0.68,0.32,1.0
2025-12-10T23:04:27.139153,0.67,0.33,1.0
2025-12-10T23:04:27.759300,0.665,0.335,1.0
2025-12-10T23:04:28.376377,0.665,0.335,1.0
2025-12-10T23:04:29.023564,0.665,0.335,1.0
2025-12-10T23:04:29.718695,0.665,0.335,1.0
2025-12-10T23:04:30.359972,0.665,0.335,1.0
2025-12-10T23:04:30.987387,0.665,0.335,1.0
2025-12-10T23:04:31.612955,0.665,0.335,1.0
2025-12-10T23:04:32.242328,0.665,0.335,1.0
2025-12-10T23:04:32.850927,0.665,0.335,1.0
2025-12-10T23:04:33.478437,0.675,0.325,1.0
2025-12-10T23:04:34.102544,0.695,0.305,1.0
2025-12-10T23:04:34.708629,0.695,0.305,1.0
2025-12-10T23:04:35.322450,0.675,0.325,1.0
2025-12-10T23:04:35.947218,0.675,0.325,1.0
2025-12-10T23:04:36.587656,0.665,0.335,1.0
2025-12-10T23:04:37.234298,0.665,0.335,1.0
2025-12-10T23:04:37.967529,0.665,0.335,1.0
2025-12-10T23:04:38.606341,0.665,0.335,1.0
2025-12-10T23:04:39.244715,0.665,0.335,1.0
2025-12-10T23:04:39.878800,0.665,0.335,1.0
2025-12-10T23:04:38.826962,0.665,0.335,1.0
2025-12-10T23:04:39.453394,0.665,0.335,1.0
2025-12-10T23:04:40.102994,0.675,0.325,1.0
2025-12-10T23:04:40.734755,0.675,0.325,1.0
2025-12-10T23:04:41.352500,0.675,0.325,1.0
2025-12-10T23:04:41.977209,0.675,0.325,1.0
2025-12-10T23:04:42.602661,0.67,0.33,1.0
2025-12-10T23:04:43.247879,0.67,0.33,1.0
2025-12-10T23:04:43.874632,0.67,0.33,1.0
2025-12-10T23:04:44.497718,0.665,0.335,1.0
2025-12-10T23:04:45.108745,0.665,0.335,1.0
2025-12-10T23:04:45.714694,0.67,0.33,1.0
2025-12-10T23:04:46.333169,0.67,0.33,1.0
2025-12-10T23:04:46.994746,0.67,0.33,1.0
2025-12-10T23:04:47.627807,0.67,0.33,1.0
2025-12-10T23:04:48.302053,0.67,0.33,1.0
2025-12-10T23:04:48.951464,0.67,0.33,1.0
2025-12-10T23:04:49.558684,0.67,0.33,1.0
2025-12-10T23:04:50.193807,0.67,0.33,1.0
2025-12-10T23:04:50.817385,0.67,0.33,1.0
2025-12-10T23:04:51.440672,0.67,0.33,1.0
2025-12-10T23:04:52.049245,0.67,0.33,1.0
2025-12-10T23:04:52.683992,0.67,0.33,1.0
2025-12-10T23:04:53.287772,0.67,0.33,1.0
2025-12-10T23:04:53.909155,0.675,0.325,1.0
2025-12-10T23:04:54.524739,0.67,0.33,1.0
2025-12-10T23:04:55.161605,0.665,0.335,1.0
2025-12-10T23:04:55.805003,0.655,0.345,1.0
2025-12-10T23:04:56.411910,0.655,0.345,1.0
2025-12-10T23:04:57.022504,0.645,0.355,1.0
2025-12-10T23:04:57.656948,0.645,0.355,1.0
2025-12-10T23:04:58.288803,0.65,0.35,1.0
2025-12-10T23:04:58.902954,0.655,0.34,0.9950000000000001
2025-12-10T23:04:59.507741,0.67,0.33,1.0
2025-12-10T23:05:00.133766,0.675,0.325,1.0
2025-12-10T23:05:00.760026,0.675,0.325,1.0
2025-12-10T23:05:01.381265,0.675,0.325,1.0
2025-12-10T23:05:02.004175,0.675,0.325,1.0
2025-12-10T23:05:02.618661,0.675,0.325,1.0
2025-12-10T23:05:03.261731,0.675,0.33,1.0050000000000001
2025-12-10T23:05:03.875819,0.685,0.315,1.0
2025-12-10T23:05:04.504002,0.685,0.315,1.0
2025-12-10T23:05:05.148569,0.695,0.305,1.0
2025-12-10T23:05:05.844859,0.695,0.305,1.0
2025-12-10T23:05:06.497958,0.695,0.305,1.0
2025-12-10T23:05:07.137393,0.695,0.305,1.0
2025-12-10T23:05:07.769967,0.705,0.295,1.0
2025-12-10T23:05:08.399290,0.705,0.295,1.0
2025-12-10T23:05:09.007287,0.705,0.295,1.0
2025-12-10T23:05:09.642738,0.705,0.295,1.0
2025-12-10T23:05:10.274392,0.705,0.295,1.0
2025-12-10T23:05:09.232637,0.715,0.285,1.0
2025-12-10T23:05:09.863819,0.725,0.275,1.0
2025-12-10T23:05:10.493967,0.725,0.275,1.0
2025-12-10T23:05:11.104253,0.725,0.275,1.0
2025-12-10T23:05:11.718317,0.725,0.275,1.0
2025-12-10T23:05:12.321410,0.725,0.275,1.0
2025-12-10T23:05:12.923376,0.725,0.275,1.0
2025-12-10T23:05:13.551926,0.725,0.275,1.0
2025-12-10T23:05:14.174957,0.725,0.275,1.0
2025-12-10T23:05:14.836515,0.725,0.275,1.0
2025-12-10T23:05:15.461688,0.725,0.275,1.0
2025-12-10T23:05:16.095666,0.725,0.275,1.0
2025-12-10T23:05:16.721102,0.725,0.275,1.0
2025-12-10T23:05:17.351219,0.73,0.27,1.0
2025-12-10T23:05:17.958703,0.73,0.27,1.0
2025-12-10T23:05:18.578315,0.73,0.27,1.0
2025-12-10T23:05:19.188774,0.73,0.27,1.0
2025-12-10T23:05:19.814646,0.73,0.27,1.0
2025-12-10T23:05:20.445516,0.735,0.265,1.0
2025-12-10T23:05:21.069365,0.735,0.265,1.0
2025-12-10T23:05:21.695884,0.735,0.265,1.0
2025-12-10T23:05:22.350231,0.745,0.255,1.0
2025-12-10T23:05:22.978364,0.745,0.255,1.0
2025-12-10T23:05:23.601365,0.735,0.265,1.0
2025-12-10T23:05:24.234657,0.735,0.265,1.0
2025-12-10T23:05:24.862994,0.735,0.265,1.0
2025-12-10T23:05:25.503544,0.735,0.265,1.0
2025-12-10T23:05:26.125302,0.74,0.255,0.995
2025-12-10T23:05:26.804607,0.755,0.235,0.99
2025-12-10T23:05:27.439648,0.765,0.235,1.0
2025-12-10T23:05:28.072544,0.765,0.235,1.0
2025-12-10T23:05:28.703167,0.765,0.235,1.0
2025-12-10T23:05:29.331835,0.775,0.225,1.0
2025-12-10T23:05:29.955533,0.775,0.225,1.0
2025-12-10T23:05:30.581888,0.785,0.215,1.0
2025-12-10T23:05:31.222107,0.795,0.205,1.0
2025-12-10T23:05:31.851583,0.785,0.215,1.0
2025-12-10T23:05:32.468224,0.785,0.215,1.0
2025-12-10T23:05:33.076955,0.785,0.215,1.0
2025-12-10T23:05:33.702218,0.785,0.215,1.0
2025-12-10T23:05:34.348501,0.785,0.215,1.0
2025-12-10T23:05:34.978409,0.785,0.215,1.0
2025-12-10T23:05:35.631149,0.785,0.215,1.0
2025-12-10T23:05:36.270537,0.795,0.205,1.0
2025-12-10T23:05:36.898147,0.785,0.215,1.0
2025-12-10T23:05:37.541714,0.785,0.21,0.995
2025-12-10T23:05:38.193121,0.785,0.215,1.0
2025-12-10T23:05:38.831873,0.785,0.215,1.0
2025-12-10T23:05:39.465512,0.79,0.21,1.0
2025-12-10T23:05:40.075994,0.79,0.21,1.0
2025-12-10T23:05:40.700384,0.785,0.215,1.0
2025-12-10T23:05:39.691107,0.785,0.215,1.0
2025-12-10T23:05:40.327611,0.785,0.215,1.0
2025-12-10T23:05:40.959708,0.785,0.215,1.0
2025-12-10T23:05:41.594042,0.785,0.215,1.0
2025-12-10T23:05:42.266566,0.785,0.215,1.0
2025-12-10T23:05:42.925074,0.785,0.215,1.0
2025-12-10T23:05:43.558603,0.785,0.215,1.0
2025-12-10T23:05:44.209365,0.785,0.215,1.0
2025-12-10T23:05:44.843998,0.785,0.215,1.0
2025-12-10T23:05:45.472747,0.785,0.215,1.0
2025-12-10T23:05:46.097552,0.785,0.215,1.0
2025-12-10T23:05:46.718790,0.775,0.225,1.0
2025-12-10T23:05:47.343213,0.775,0.225,1.0
2025-12-10T23:05:47.973977,0.775,0.225,1.0
2025-12-10T23:05:48.601513,0.775,0.225,1.0
2025-12-10T23:05:49.230508,0.775,0.225,1.0
2025-12-10T23:05:49.858177,0.775,0.225,1.0
2025-12-10T23:05:50.463678,0.775,0.225,1.0
2025-12-10T23:05:51.097964,0.775,0.225,1.0
2025-12-10T23:05:51.731979,0.775,0.225,1.0
2025-12-10T23:05:52.361662,0.775,0.225,1.0
2025-12-10T23:05:52.995873,0.775,0.225,1.0
2025-12-10T23:05:53.628077,0.775,0.225,1.0
2025-12-10T23:05:54.245365,0.775,0.225,1.0
2025-12-10T23:05:54.883721,0.775,0.225,1.0
2025-12-10T23:05:55.521227,0.775,0.225,1.0
2025-12-10T23:05:56.151185,0.775,0.225,1.0
2025-12-10T23:05:56.792454,0.775,0.225,1.0
2025-12-10T23:05:57.432176,0.775,0.225,1.0
2025-12-10T23:05:58.055088,0.775,0.225,1.0
2025-12-10T23:05:58.673243,0.775,0.225,1.0
2025-12-10T23:05:59.304674,0.775,0.225,1.0
2025-12-10T23:05:59.938845,0.775,0.225,1.0
2025-12-10T23:06:00.558525,0.775,0.225,1.0
2025-12-10T23:06:01.192686,0.775,0.225,1.0
2025-12-10T23:06:01.827257,0.775,0.225,1.0
2025-12-10T23:06:02.448093,0.775,0.225,1.0
2025-12-10T23:06:03.061860,0.775,0.225,1.0
2025-12-10T23:06:03.679581,0.775,0.225,1.0
2025-12-10T23:06:04.316689,0.775,0.225,1.0
2025-12-10T23:06:04.940395,0.775,0.225,1.0
2025-12-10T23:06:05.586289,0.77,0.23,1.0
2025-12-10T23:06:06.219901,0.77,0.23,1.0
2025-12-10T23:06:06.860873,0.765,0.235,1.0
2025-12-10T23:06:07.483133,0.765,0.235,1.0
2025-12-10T23:06:08.100001,0.755,0.245,1.0
2025-12-10T23:06:08.748379,0.755,0.245,1.0
2025-12-10T23:06:09.374940,0.755,0.245,1.0
2025-12-10T23:06:10.049127,0.755,0.245,1.0
2025-12-10T23:06:10.719542,0.755,0.245,1.0
2025-12-10T23:06:11.362891,0.755,0.245,1.0
2025-12-10T23:06:10.346620,0.755,0.245,1.0
2025-12-10T23:06:10.992727,0.755,0.245,1.0
2025-12-10T23:06:11.626159,0.755,0.245,1.0
2025-12-10T23:06:12.253602,0.755,0.245,1.0
2025-12-10T23:06:12.875032,0.755,0.245,1.0
2025-12-10T23:06:13.504898,0.755,0.245,1.0
2025-12-10T23:06:14.128267,0.755,0.245,1.0
2025-12-10T23:06:14.755522,0.755,0.245,1.0
2025-12-10T23:06:15.384547,0.755,0.245,1.0
2025-12-10T23:06:16.023964,0.755,0.245,1.0
2025-12-10T23:06:16.639480,0.755,0.245,1.0
2025-12-10T23:06:17.286634,0.755,0.245,1.0
2025-12-10T23:06:17.918707,0.74,0.26,1.0
2025-12-10T23:06:18.558122,0.735,0.265,1.0
2025-12-10T23:06:19.185960,0.735,0.265,1.0
2025-12-10T23:06:19.803119,0.735,0.265,1.0
2025-12-10T23:06:20.423272,0.74,0.26,1.0
2025-12-10T23:06:21.031525,0.74,0.26,1.0
2025-12-10T23:06:21.654188,0.74,0.26,1.0
2025-12-10T23:06:22.271845,0.74,0.26,1.0
2025-12-10T23:06:22.902073,0.74,0.26,1.0
2025-12-10T23:06:23.525906,0.74,0.26,1.0
2025-12-10T23:06:24.145724,0.745,0.255,1.0
2025-12-10T23:06:24.775745,0.745,0.255,1.0
2025-12-10T23:06:25.403081,0.745,0.255,1.0
2025-12-10T23:06:26.038424,0.745,0.255,1.0
2025-12-10T23:06:26.653919,0.745,0.255,1.0
2025-12-10T23:06:27.283627,0.745,0.255,1.0
2025-12-10T23:06:27.904726,0.745,0.255,1.0
2025-12-10T23:06:28.524960,0.745,0.255,1.0
2025-12-10T23:06:29.157965,0.745,0.255,1.0
2025-12-10T23:06:29.802200,0.745,0.255,1.0
2025-12-10T23:06:30.436233,0.745,0.255,1.0
2025-12-10T23:06:31.064806,0.755,0.245,1.0
2025-12-10T23:06:31.685738,0.755,0.245,1.0
2025-12-10T23:06:32.308531,0.75,0.25,1.0
2025-12-10T23:06:32.909675,0.75,0.25,1.0
2025-12-10T23:06:33.548991,0.75,0.25,1.0
2025-12-10T23:06:34.166456,0.75,0.25,1.0
2025-12-10T23:06:34.798837,0.75,0.25,1.0
2025-12-10T23:06:35.421175,0.75,0.25,1.0
2025-12-10T23:06:36.044550,0.75,0.25,1.0
2025-12-10T23:06:36.668226,0.745,0.255,1.0
2025-12-10T23:06:37.316308,0.745,0.25,0.995
2025-12-10T23:06:37.942252,0.755,0.245,1.0
2025-12-10T23:06:38.589163,0.755,0.245,1.0
2025-12-10T23:06:39.233179,0.755,0.245,1.0
2025-12-10T23:06:39.869163,0.755,0.245,1.0
2025-12-10T23:06:40.473860,0.755,0.245,1.0
2025-12-10T23:06:41.098788,0.755,0.245,1.0
2025-12-10T23:06:41.729763,0.755,0.245,1.0
2025-12-10T23:06:42.346551,0.755,0.245,1.0
2025-12-10T23:06:41.326009,0.755,0.245,1.0
2025-12-10T23:06:41.955081,0.755,0.245,1.0
2025-12-10T23:06:42.586476,0.755,0.245,1.0
2025-12-10T23:06:43.257520,0.755,0.245,1.0
2025-12-10T23:06:43.891636,0.755,0.245,1.0
2025-12-10T23:06:44.532109,0.755,0.245,1.0
2025-12-10T23:06:45.150693,0.755,0.245,1.0
2025-12-10T23:06:45.795380,0.755,0.245,1.0
2025-12-10T23:06:46.437409,0.75,0.25,1.0
2025-12-10T23:06:47.084340,0.745,0.255,1.0
2025-12-10T23:06:47.719155,0.745,0.255,1.0
2025-12-10T23:06:48.343421,0.745,0.255,1.0
2025-12-10T23:06:48.966346,0.755,0.24,0.995
2025-12-10T23:06:49.591198,0.79,0.205,0.995
2025-12-10T23:06:50.218381,0.795,0.205,1.0
2025-12-10T23:06:50.883517,0.795,0.205,1.0
2025-12-10T23:06:51.513056,0.795,0.205,1.0
2025-12-10T23:06:52.152920,0.795,0.205,1.0
2025-12-10T23:06:52.801554,0.805,0.195,1.0
2025-12-10T23:06:53.450222,0.805,0.195,1.0
2025-12-10T23:06:54.075458,0.805,0.195,1.0
2025-12-10T23:06:54.725866,0.805,0.195,1.0
2025-12-10T23:06:55.360217,0.805,0.19,0.9950000000000001
2025-12-10T23:06:55.983673,0.815,0.185,1.0
2025-12-10T23:06:56.604825,0.815,0.185,1.0
2025-12-10T23:06:57.236813,0.815,0.185,1.0
2025-12-10T23:06:57.857452,0.815,0.185,1.0
2025-12-10T23:06:58.491943,0.86,0.14,1.0
2025-12-10T23:06:59.110893,0.865,0.135,1.0
2025-12-10T23:06:59.741850,0.865,0.135,1.0
2025-12-10T23:07:00.377304,0.865,0.135,1.0
2025-12-10T23:07:00.998776,0.865,0.135,1.0
2025-12-10T23:07:01.627245,0.865,0.135,1.0
2025-12-10T23:07:02.251314,0.865,0.135,1.0
2025-12-10T23:07:02.976399,0.865,0.135,1.0
2025-12-10T23:07:03.601402,0.875,0.125,1.0
2025-12-10T23:07:04.230742,0.865,0.135,1.0
2025-12-10T23:07:04.854671,0.865,0.13,0.995
2025-12-10T23:07:05.501233,0.855,0.145,1.0
2025-12-10T23:07:06.129222,0.845,0.155,1.0
2025-12-10T23:07:06.802002,0.845,0.155,1.0
2025-12-10T23:07:07.445698,0.855,0.145,1.0
2025-12-10T23:07:08.089875,0.855,0.145,1.0
2025-12-10T23:07:08.716121,0.855,0.145,1.0
2025-12-10T23:07:09.367772,0.855,0.145,1.0
2025-12-10T23:07:09.984931,0.85,0.15,1.0
2025-12-10T23:07:10.612183,0.845,0.155,1.0
2025-12-10T23:07:11.243036,0.845,0.155,1.0
2025-12-10T23:07:11.873388,0.845,0.155,1.0
2025-12-10T23:07:12.507290,0.845,0.155,1.0
2025-12-10T23:07:11.487459,0.845,0.155,1.0
2025-12-10T23:07:12.106314,0.845,0.155,1.0
2025-12-10T23:07:12.729816,0.855,0.145,1.0
2025-12-10T23:07:13.335100,0.855,0.145,1.0
2025-12-10T23:07:13.964535,0.855,0.145,1.0
2025-12-10T23:07:14.644482,0.855,0.145,1.0
2025-12-10T23:07:15.254717,0.845,0.155,1.0
2025-12-10T23:07:15.926198,0.84,0.16,1.0
2025-12-10T23:07:16.542235,0.84,0.16,1.0
2025-12-10T23:07:17.154097,0.845,0.155,1.0
2025-12-10T23:07:17.768382,0.845,0.155,1.0
2025-12-10T23:07:18.388964,0.855,0.145,1.0
2025-12-10T23:07:19.034278,0.855,0.145,1.0
2025-12-10T23:07:19.651256,0.855,0.145,1.0
2025-12-10T23:07:20.283746,0.855,0.145,1.0
2025-12-10T23:07:20.916087,0.845,0.155,1.0
2025-12-10T23:07:21.546363,0.835,0.165,1.0
2025-12-10T23:07:22.183874,0.835,0.165,1.0
2025-12-10T23:07:22.795207,0.835,0.165,1.0
2025-12-10T23:07:23.418730,0.835,0.16,0.995
2025-12-10T23:07:24.044450,0.835,0.165,1.0
2025-12-10T23:07:24.700667,0.835,0.165,1.0
2025-12-10T23:07:25.311845,0.825,0.175,1.0
2025-12-10T23:07:25.925677,0.825,0.175,1.0
2025-12-10T23:07:26.573476,0.825,0.175,1.0
2025-12-10T23:07:27.192961,0.83,0.17,1.0
2025-12-10T23:07:27.821113,0.825,0.175,1.0
2025-12-10T23:07:28.442997,0.825,0.175,1.0
2025-12-10T23:07:29.071844,0.8,0.2,1.0
2025-12-10T23:07:29.691252,0.805,0.195,1.0
2025-12-10T23:07:30.327063,0.795,0.205,1.0
2025-12-10T23:07:30.948596,0.795,0.205,1.0
2025-12-10T23:07:31.573557,0.79,0.21,1.0
2025-12-10T23:07:32.206247,0.775,0.225,1.0
2025-12-10T23:07:32.834808,0.775,0.225,1.0
2025-12-10T23:07:33.471177,0.775,0.225,1.0
2025-12-10T23:07:34.132205,0.775,0.225,1.0
2025-12-10T23:07:34.776049,0.775,0.225,1.0
2025-12-10T23:07:35.411386,0.775,0.225,1.0
2025-12-10T23:07:36.030102,0.765,0.235,1.0
2025-12-10T23:07:36.645373,0.775,0.225,1.0
2025-12-10T23:07:37.266068,0.775,0.225,1.0
2025-12-10T23:07:37.903085,0.775,0.225,1.0
2025-12-10T23:07:38.523032,0.775,0.225,1.0
2025-12-10T23:07:39.148334,0.775,0.225,1.0
2025-12-10T23:07:39.776880,0.835,0.165,1.0
2025-12-10T23:07:40.393248,0.845,0.155,1.0
2025-12-10T23:07:41.101536,0.845,0.155,1.0
2025-12-10T23:07:41.715328,0.845,0.155,1.0
2025-12-10T23:07:42.316540,0.855,0.145,1.0
2025-12-10T23:07:42.939047,0.855,0.145,1.0
2025-12-10T23:07:43.549963,0.855,0.145,1.0
2025-12-10T23:07:42.539722,0.855,0.145,1.0
2025-12-10T23:07:43.156739,0.855,0.145,1.0
2025-12-10T23:07:43.768639,0.855,0.145,1.0
2025-12-10T23:07:44.399566,0.855,0.145,1.0
2025-12-10T23:07:45.026914,0.855,0.145,1.0
2025-12-10T23:07:45.701321,0.855,0.145,1.0
2025-12-10T23:07:46.334297,0.86,0.14,1.0
2025-12-10T23:07:47.018928,0.865,0.135,1.0
2025-12-10T23:07:47.635097,0.865,0.135,1.0
2025-12-10T23:07:48.265985,0.865,0.135,1.0
2025-12-10T23:07:48.975380,0.865,0.135,1.0
2025-12-10T23:07:49.589112,0.865,0.135,1.0
2025-12-10T23:07:50.221402,0.865,0.135,1.0
2025-12-10T23:07:50.841933,0.865,0.135,1.0
2025-12-10T23:07:51.463095,0.87,0.13,1.0
2025-12-10T23:07:52.100239,0.875,0.125,1.0
2025-12-10T23:07:52.719000,0.87,0.13,1.0
2025-12-10T23:07:53.338187,0.87,0.13,1.0
2025-12-10T23:07:53.960918,0.875,0.125,1.0
2025-12-10T23:07:54.595768,0.875,0.125,1.0
2025-12-10T23:07:55.218843,0.875,0.125,1.0
2025-12-10T23:07:55.834883,0.88,0.12,1.0
2025-12-10T23:07:56.463854,0.875,0.125,1.0
2025-12-10T23:07:57.109572,0.88,0.12,1.0
2025-12-10T23:07:57.742827,0.87,0.125,0.995
2025-12-10T23:07:58.372330,0.875,0.125,1.0
2025-12-10T23:07:58.991930,0.875,0.125,1.0
2025-12-10T23:07:59.603950,0.875,0.125,1.0
2025-12-10T23:08:00.238027,0.875,0.125,1.0
2025-12-10T23:08:00.857799,0.875,0.125,1.0
2025-12-10T23:08:01.510980,0.865,0.135,1.0
2025-12-10T23:08:02.121597,0.865,0.135,1.0
2025-12-10T23:08:02.756844,0.875,0.125,1.0
2025-12-10T23:08:03.405787,0.875,0.125,1.0
2025-12-10T23:08:04.062999,0.875,0.13,1.005
2025-12-10T23:08:04.695759,0.87,0.13,1.0
2025-12-10T23:08:05.341452,0.87,0.13,1.0
2025-12-10T23:08:05.965382,0.875,0.125,1.0
2025-12-10T23:08:06.596547,0.875,0.125,1.0
2025-12-10T23:08:07.225539,0.875,0.125,1.0
2025-12-10T23:08:07.884694,0.875,0.125,1.0
2025-12-10T23:08:08.518055,0.875,0.125,1.0
2025-12-10T23:08:09.141952,0.875,0.125,1.0
2025-12-10T23:08:09.777395,0.88,0.12,1.0
2025-12-10T23:08:10.395656,0.88,0.12,1.0
2025-12-10T23:08:11.009094,0.88,0.12,1.0
2025-12-10T23:08:11.627487,0.88,0.12,1.0
2025-12-10T23:08:12.247114,0.88,0.12,1.0
2025-12-10T23:08:12.876641,0.885,0.115,1.0
2025-12-10T23:08:13.510160,0.895,0.105,1.0
2025-12-10T23:08:14.153235,0.895,0.105,1.0
2025-12-10T23:08:13.114793,0.895,0.105,1.0
2025-12-10T23:08:13.734810,0.895,0.105,1.0
2025-12-10T23:08:14.357643,0.895,0.105,1.0
2025-12-10T23:08:14.977818,0.91,0.09,1.0
2025-12-10T23:08:15.604704,0.905,0.095,1.0
2025-12-10T23:08:16.258696,0.91,0.09,1.0
2025-12-10T23:08:16.897849,0.915,0.085,1.0
2025-12-10T23:08:17.556219,0.915,0.085,1.0
2025-12-10T23:08:18.198059,0.915,0.085,1.0
2025-12-10T23:08:18.816982,0.915,0.085,1.0
2025-12-10T23:08:19.463912,0.915,0.085,1.0
2025-12-10T23:08:20.099869,0.915,0.085,1.0
2025-12-10T23:08:20.736536,0.915,0.085,1.0
2025-12-10T23:08:21.389667,0.915,0.09,1.0050000000000001
2025-12-10T23:08:22.002232,0.915,0.085,1.0
2025-12-10T23:08:22.647768,0.915,0.085,1.0
2025-12-10T23:08:23.260327,0.915,0.085,1.0
2025-12-10T23:08:23.931540,0.915,0.085,1.0
2025-12-10T23:08:24.544531,0.915,0.085,1.0
2025-12-10T23:08:25.152010,0.91,0.09,1.0
2025-12-10T23:08:25.773773,0.915,0.085,1.0
2025-12-10T23:08:26.388316,0.915,0.085,1.0
2025-12-10T23:08:27.005914,0.915,0.085,1.0
2025-12-10T23:08:27.635138,0.915,0.085,1.0
2025-12-10T23:08:28.288070,0.915,0.085,1.0
2025-12-10T23:08:28.924328,0.925,0.075,1.0
2025-12-10T23:08:29.548621,0.925,0.075,1.0
2025-12-10T23:08:30.158601,0.925,0.075,1.0
2025-12-10T23:08:30.801830,0.925,0.075,1.0
2025-12-10T23:08:31.420038,0.925,0.075,1.0
2025-12-10T23:08:32.042432,0.925,0.075,1.0
2025-12-10T23:08:32.699700,0.925,0.075,1.0
2025-12-10T23:08:33.331198,0.925,0.075,1.0
2025-12-10T23:08:33.969782,0.925,0.075,1.0
2025-12-10T23:08:34.597160,0.925,0.075,1.0
2025-12-10T23:08:35.261007,0.915,0.085,1.0
2025-12-10T23:08:35.892468,0.915,0.08,0.995
2025-12-10T23:08:36.542026,0.925,0.075,1.0
2025-12-10T23:08:37.174309,0.925,0.075,1.0
2025-12-10T23:08:37.819486,0.915,0.085,1.0
2025-12-10T23:08:38.461507,0.915,0.085,1.0
2025-12-10T23:08:39.113321,0.915,0.085,1.0
2025-12-10T23:08:39.747396,0.915,0.085,1.0
2025-12-10T23:08:40.398858,0.915,0.085,1.0
2025-12-10T23:08:41.025565,0.915,0.08,0.995
2025-12-10T23:08:41.650925,0.92,0.08,1.0
2025-12-10T23:08:42.293497,0.92,0.08,1.0
2025-12-10T23:08:42.928968,0.92,0.08,1.0
2025-12-10T23:08:43.551600,0.92,0.08,1.0
2025-12-10T23:08:44.208449,0.92,0.08,1.0
2025-12-10T23:08:44.844696,0.915,0.09,1.0050000000000001
2025-12-10T23:08:43.831347,0.915,0.085,1.0
2025-12-10T23:08:44.458215,0.915,0.085,1.0
2025-12-10T23:08:45.083104,0.915,0.085,1.0
2025-12-10T23:08:45.714287,0.915,0.085,1.0
2025-12-10T23:08:46.336688,0.915,0.085,1.0
2025-12-10T23:08:46.956651,0.905,0.095,1.0
2025-12-10T23:08:47.585131,0.925,0.075,1.0
2025-12-10T23:08:48.211478,0.915,0.085,1.0
2025-12-10T23:08:48.824113,0.91,0.09,1.0
2025-12-10T23:08:49.445530,0.915,0.085,1.0
2025-12-10T23:08:50.068218,0.915,0.085,1.0
2025-12-10T23:08:50.673404,0.915,0.085,1.0
2025-12-10T23:08:51.297846,0.915,0.085,1.0
2025-12-10T23:08:51.918905,0.915,0.085,1.0
2025-12-10T23:08:52.538704,0.915,0.085,1.0
2025-12-10T23:08:53.162482,0.915,0.085,1.0
2025-12-10T23:08:53.788660,0.915,0.085,1.0
2025-12-10T23:08:54.422331,0.915,0.085,1.0
2025-12-10T23:08:55.038571,0.915,0.085,1.0
2025-12-10T23:08:55.656548,0.92,0.08,1.0
2025-12-10T23:08:56.299545,0.925,0.075,1.0
2025-12-10T23:08:56.918008,0.925,0.075,1.0
2025-12-10T23:08:57.561562,0.925,0.075,1.0
2025-12-10T23:08:58.198024,0.92,0.08,1.0
2025-12-10T23:08:58.837296,0.92,0.08,1.0
2025-12-10T23:08:59.503634,0.92,0.08,1.0
2025-12-10T23:09:00.154486,0.92,0.08,1.0
2025-12-10T23:09:00.833839,0.92,0.08,1.0
2025-12-10T23:09:01.477277,0.925,0.075,1.0
2025-12-10T23:09:02.098978,0.93,0.07,1.0
2025-12-10T23:09:02.719986,0.93,0.07,1.0
2025-12-10T23:09:03.349914,0.925,0.075,1.0
2025-12-10T23:09:03.998365,0.93,0.07,1.0
2025-12-10T23:09:04.651702,0.935,0.065,1.0
2025-12-10T23:09:05.306374,0.935,0.065,1.0
2025-12-10T23:09:05.932363,0.935,0.065,1.0
2025-12-10T23:09:06.565940,0.935,0.065,1.0
2025-12-10T23:09:07.229361,0.935,0.065,1.0
2025-12-10T23:09:07.870328,0.945,0.055,1.0
2025-12-10T23:09:08.503882,0.945,0.055,1.0
2025-12-10T23:09:09.138887,0.945,0.055,1.0
2025-12-10T23:09:09.791607,0.945,0.055,1.0
2025-12-10T23:09:10.414911,0.945,0.055,1.0
2025-12-10T23:09:11.037035,0.945,0.055,1.0
2025-12-10T23:09:11.665282,0.945,0.055,1.0
2025-12-10T23:09:12.288945,0.935,0.065,1.0
2025-12-10T23:09:12.930573,0.935,0.065,1.0
2025-12-10T23:09:13.567301,0.935,0.065,1.0
2025-12-10T23:09:14.191560,0.935,0.065,1.0
2025-12-10T23:09:14.823144,0.935,0.065,1.0
2025-12-10T23:09:15.454248,0.935,0.065,1.0
2025-12-10T23:09:14.444088,0.935,0.065,1.0
2025-12-10T23:09:15.061247,0.935,0.065,1.0
2025-12-10T23:09:15.685592,0.94,0.06,1.0
2025-12-10T23:09:16.306427,0.94,0.06,1.0
2025-12-10T23:09:16.931673,0.94,0.06,1.0
2025-12-10T23:09:17.571060,0.94,0.055,0.995
2025-12-10T23:09:18.209447,0.95,0.05,1.0
2025-12-10T23:09:18.840832,0.94,0.06,1.0
2025-12-10T23:09:19.476376,0.94,0.06,1.0
2025-12-10T23:09:20.105363,0.945,0.055,1.0
2025-12-10T23:09:20.757732,0.945,0.055,1.0
2025-12-10T23:09:21.386616,0.955,0.045,1.0
2025-12-10T23:09:22.061135,0.955,0.045,1.0
2025-12-10T23:09:22.677637,0.955,0.045,1.0
2025-12-10T23:09:23.301903,0.955,0.045,1.0
2025-12-10T23:09:23.926025,0.955,0.045,1.0
2025-12-10T23:09:24.552390,0.955,0.045,1.0
2025-12-10T23:09:25.181699,0.955,0.045,1.0
2025-12-10T23:09:25.823181,0.955,0.045,1.0
2025-12-10T23:09:26.459252,0.955,0.045,1.0
2025-12-10T23:09:27.099225,0.955,0.045,1.0
2025-12-10T23:09:27.728903,0.955,0.045,1.0
2025-12-10T23:09:28.356067,0.955,0.045,1.0
2025-12-10T23:09:28.988948,0.955,0.045,1.0
2025-12-10T23:09:29.619692,0.955,0.045,1.0
2025-12-10T23:09:30.286279,0.955,0.045,1.0
2025-12-10T23:09:30.935300,0.955,0.045,1.0
2025-12-10T23:09:31.572760,0.955,0.045,1.0
2025-12-10T23:09:32.203924,0.955,0.045,1.0
2025-12-10T23:09:32.842397,0.965,0.035,1.0
2025-12-10T23:09:33.476362,0.965,0.035,1.0
2025-12-10T23:09:34.117193,0.965,0.035,1.0
2025-12-10T23:09:34.744973,0.965,0.035,1.0
2025-12-10T23:09:35.380506,0.965,0.035,1.0
2025-12-10T23:09:36.030482,0.965,0.035,1.0
2025-12-10T23:09:36.678619,0.965,0.035,1.0
2025-12-10T23:09:37.338823,0.965,0.035,1.0
2025-12-10T23:09:37.986827,0.965,0.035,1.0
2025-12-10T23:09:38.638084,0.965,0.035,1.0
2025-12-10T23:09:39.274899,0.965,0.035,1.0
2025-12-10T23:09:39.919407,0.965,0.035,1.0
2025-12-10T23:09:40.545465,0.965,0.035,1.0
2025-12-10T23:09:41.180764,0.965,0.035,1.0
2025-12-10T23:09:41.811146,0.965,0.035,1.0
2025-12-10T23:09:42.469781,0.965,0.035,1.0
2025-12-10T23:09:43.126688,0.965,0.035,1.0
2025-12-10T23:09:43.752825,0.965,0.035,1.0
2025-12-10T23:09:44.391080,0.965,0.035,1.0
2025-12-10T23:09:45.005986,0.965,0.035,1.0
2025-12-10T23:09:45.646162,0.975,0.025,1.0
2025-12-10T23:09:44.626187,0.975,0.025,1.0
2025-12-10T23:09:45.243818,0.97,0.035,1.005
2025-12-10T23:09:45.881975,0.975,0.025,1.0
2025-12-10T23:09:46.503070,0.975,0.025,1.0
2025-12-10T23:09:47.127060,0.975,0.025,1.0
2025-12-10T23:09:47.771720,0.975,0.025,1.0
2025-12-10T23:09:48.401417,0.975,0.025,1.0
2025-12-10T23:09:49.005891,0.975,0.025,1.0
2025-12-10T23:09:49.611935,0.975,0.025,1.0
2025-12-10T23:09:50.230908,0.975,0.025,1.0
2025-12-10T23:09:50.856549,0.975,0.025,1.0
2025-12-10T23:09:51.491655,0.975,0.025,1.0
2025-12-10T23:09:52.112454,0.975,0.025,1.0
2025-12-10T23:09:52.737634,0.975,0.025,1.0
2025-12-10T23:09:53.406056,0.975,0.025,1.0
2025-12-10T23:09:54.033335,0.975,0.025,1.0
2025-12-10T23:09:54.687723,0.975,0.025,1.0
2025-12-10T23:09:55.310489,0.975,0.025,1.0
2025-12-10T23:09:55.935522,0.975,0.025,1.0
2025-12-10T23:09:56.577895,0.975,0.025,1.0
2025-12-10T23:09:57.215138,0.975,0.025,1.0
2025-12-10T23:09:57.849274,0.975,0.025,1.0
2025-12-10T23:09:58.479182,0.975,0.025,1.0
2025-12-10T23:09:59.116261,0.975,0.025,1.0
2025-12-10T23:09:59.737503,0.975,0.025,1.0
2025-12-10T23:10:00.362318,0.975,0.025,1.0
2025-12-10T23:10:00.984487,0.975,0.025,1.0
2025-12-10T23:10:01.603839,0.975,0.025,1.0
2025-12-10T23:10:02.246739,0.975,0.025,1.0
2025-12-10T23:10:02.899375,0.975,0.025,1.0
2025-12-10T23:10:03.529265,0.975,0.025,1.0
2025-12-10T23:10:04.157293,0.975,0.025,1.0
2025-12-10T23:10:04.795850,0.975,0.025,1.0
2025-12-10T23:10:05.405263,0.975,0.025,1.0
2025-12-10T23:10:06.036197,0.975,0.025,1.0
2025-12-10T23:10:06.663247,0.985,0.015,1.0
2025-12-10T23:10:07.313188,0.985,0.015,1.0
2025-12-10T23:10:07.971929,0.985,0.015,1.0
2025-12-10T23:10:08.612468,0.985,0.015,1.0
2025-12-10T23:10:09.235405,0.985,0.015,1.0
2025-12-10T23:10:09.876824,0.985,0.015,1.0
2025-12-10T23:10:10.524621,0.985,0.015,1.0
2025-12-10T23:10:11.159169,0.985,0.015,1.0
2025-12-10T23:10:11.781745,0.985,0.015,1.0
2025-12-10T23:10:12.417572,0.985,0.015,1.0
2025-12-10T23:10:13.069269,0.985,0.025,1.01
2025-12-10T23:10:13.707827,0.98,0.02,1.0
2025-12-10T23:10:14.341102,0.985,0.015,1.0
2025-12-10T23:10:14.975597,0.985,0.015,1.0
2025-12-10T23:10:15.616746,0.985,0.015,1.0
2025-12-10T23:10:16.239831,0.985,0.015,1.0
2025-12-10T23:10:15.205006,0.985,0.015,1.0
2025-12-10T23:10:15.834534,0.985,0.015,1.0
2025-12-10T23:10:16.489505,0.985,0.015,1.0
2025-12-10T23:10:17.112565,0.985,0.015,1.0
2025-12-10T23:10:17.733364,0.985,0.015,1.0
2025-12-10T23:10:18.346326,0.985,0.015,1.0
2025-12-10T23:10:18.963295,0.985,0.015,1.0
2025-12-10T23:10:19.597579,0.985,0.015,1.0
2025-12-10T23:10:20.214753,0.985,0.015,1.0
2025-12-10T23:10:20.830721,0.985,0.015,1.0
2025-12-10T23:10:21.449257,0.985,0.015,1.0
2025-12-10T23:10:22.097660,0.985,0.015,1.0
2025-12-10T23:10:22.724434,0.985,0.015,1.0
2025-12-10T23:10:23.350677,0.985,0.015,1.0
2025-12-10T23:10:23.973472,0.985,0.015,1.0
2025-12-10T23:10:24.596554,0.985,0.015,1.0
2025-12-10T23:10:25.216073,0.985,0.015,1.0
2025-12-10T23:10:25.839878,0.985,0.015,1.0
2025-12-10T23:10:26.483658,0.985,0.015,1.0
2025-12-10T23:10:27.112463,0.985,0.015,1.0
2025-12-10T23:10:27.745244,0.985,0.015,1.0
2025-12-10T23:10:28.370882,0.985,0.015,1.0
2025-12-10T23:10:28.996978,0.985,0.015,1.0
2025-12-10T23:10:29.614039,0.985,0.015,1.0
2025-12-10T23:10:30.260202,0.985,0.015,1.0
2025-12-10T23:10:30.890677,0.985,0.015,1.0
2025-12-10T23:10:31.517097,0.985,0.015,1.0
2025-12-10T23:10:32.146608,0.985,0.015,1.0
2025-12-10T23:10:32.769064,0.985,0.015,1.0
2025-12-10T23:10:33.409245,0.985,0.015,1.0
2025-12-10T23:10:34.074656,0.985,0.015,1.0
2025-12-10T23:10:34.711020,0.985,0.015,1.0
2025-12-10T23:10:35.344715,0.985,0.015,1.0
2025-12-10T23:10:35.984847,0.985,0.015,1.0
2025-12-10T23:10:36.613549,0.985,0.015,1.0
2025-12-10T23:10:37.251267,0.985,0.015,1.0
2025-12-10T23:10:37.879478,0.985,0.015,1.0
2025-12-10T23:10:38.504888,0.985,0.015,1.0
2025-12-10T23:10:39.139756,0.985,0.015,1.0
2025-12-10T23:10:39.791118,0.985,0.015,1.0
2025-12-10T23:10:40.419227,0.985,0.015,1.0
2025-12-10T23:10:41.046845,0.985,0.015,1.0
2025-12-10T23:10:41.695646,0.985,0.015,1.0
2025-12-10T23:10:42.323295,0.985,0.015,1.0
2025-12-10T23:10:42.953861,0.985,0.015,1.0
2025-12-10T23:10:43.572537,0.985,0.015,1.0
2025-12-10T23:10:44.247441,0.985,0.015,1.0
2025-12-10T23:10:44.915160,0.985,0.015,1.0
2025-12-10T23:10:45.542543,0.985,0.015,1.0
2025-12-10T23:10:46.166442,0.985,0.015,1.0
2025-12-10T23:10:46.790844,0.985,0.015,1.0
2025-12-10T23:10:45.784254,0.985,0.015,1.0
2025-12-10T23:10:46.436864,0.985,0.015,1.0
2025-12-10T23:10:47.058674,0.985,0.015,1.0
2025-12-10T23:10:47.684960,0.985,0.015,1.0
2025-12-10T23:10:48.315074,0.985,0.015,1.0
2025-12-10T23:10:48.940021,0.985,0.015,1.0
2025-12-10T23:10:49.593958,0.985,0.015,1.0
2025-12-10T23:10:50.223720,0.985,0.015,1.0
2025-12-10T23:10:50.851834,0.985,0.015,1.0
2025-12-10T23:10:51.496340,0.985,0.015,1.0
2025-12-10T23:10:52.132021,0.985,0.015,1.0
2025-12-10T23:10:52.787732,0.985,0.015,1.0
2025-12-10T23:10:53.423880,0.985,0.015,1.0
2025-12-10T23:10:54.043625,0.985,0.015,1.0
2025-12-10T23:10:54.707017,0.985,0.015,1.0
2025-12-10T23:10:55.362638,0.985,0.015,1.0
2025-12-10T23:10:55.971827,0.985,0.015,1.0
2025-12-10T23:10:56.595097,0.985,0.015,1.0
2025-12-10T23:10:57.214865,0.985,0.015,1.0
2025-12-10T23:10:57.934681,0.985,0.015,1.0
2025-12-10T23:10:58.569153,0.985,0.015,1.0
2025-12-10T23:10:59.196895,0.985,0.015,1.0
2025-12-10T23:10:59.839180,0.985,0.015,1.0
2025-12-10T23:11:00.496207,0.985,0.015,1.0
2025-12-10T23:11:01.140520,0.985,0.015,1.0
2025-12-10T23:11:01.766714,0.985,0.015,1.0
2025-12-10T23:11:02.417121,0.985,0.015,1.0
2025-12-10T23:11:03.091963,0.985,0.015,1.0
2025-12-10T23:11:03.762548,0.985,0.015,1.0
2025-12-10T23:11:04.391092,0.985,0.015,1.0
2025-12-10T23:11:05.062593,0.985,0.015,1.0
2025-12-10T23:11:05.721310,0.985,0.015,1.0
2025-12-10T23:11:06.353291,0.985,0.015,1.0
2025-12-10T23:11:06.993420,0.985,0.015,1.0
2025-12-10T23:11:07.640705,0.985,0.015,1.0
2025-12-10T23:11:08.286009,0.985,0.015,1.0
2025-12-10T23:11:08.939131,0.985,0.015,1.0
2025-12-10T23:11:09.571130,0.985,0.015,1.0
2025-12-10T23:11:10.204253,0.985,0.015,1.0
2025-12-10T23:11:10.846709,0.985,0.015,1.0
2025-12-10T23:11:11.485770,0.985,0.015,1.0
2025-12-10T23:11:12.110945,0.985,0.015,1.0
2025-12-10T23:11:12.746400,0.985,0.015,1.0
2025-12-10T23:11:13.364573,0.985,0.015,1.0
2025-12-10T23:11:14.015569,0.975,0.025,1.0
2025-12-10T23:11:14.657828,0.975,0.025,1.0
2025-12-10T23:11:15.278730,0.975,0.025,1.0
2025-12-10T23:11:15.897895,0.975,0.025,1.0
2025-12-10T23:11:16.543016,0.975,0.025,1.0
2025-12-10T23:11:17.182288,0.975,0.025,1.0
2025-12-10T23:11:17.820387,0.975,0.025,1.0
2025-12-10T23:11:16.818817,0.975,0.025,1.0
2025-12-10T23:11:17.442542,0.975,0.025,1.0
2025-12-10T23:11:18.076595,0.975,0.025,1.0
2025-12-10T23:11:18.735716,0.975,0.025,1.0
2025-12-10T23:11:19.352732,0.975,0.025,1.0
2025-12-10T23:11:19.988367,0.975,0.025,1.0
2025-12-10T23:11:20.645581,0.975,0.025,1.0
2025-12-10T23:11:21.279538,0.975,0.025,1.0
2025-12-10T23:11:21.905990,0.975,0.025,1.0
2025-12-10T23:11:22.540874,0.975,0.025,1.0
2025-12-10T23:11:23.181444,0.975,0.025,1.0
2025-12-10T23:11:23.819832,0.975,0.025,1.0
2025-12-10T23:11:24.456548,0.975,0.025,1.0
2025-12-10T23:11:25.087559,0.975,0.025,1.0
2025-12-10T23:11:25.724273,0.975,0.025,1.0
2025-12-10T23:11:26.386504,0.975,0.025,1.0
2025-12-10T23:11:27.064983,0.975,0.025,1.0
2025-12-10T23:11:27.762449,0.975,0.025,1.0
2025-12-10T23:11:28.397495,0.975,0.025,1.0
2025-12-10T23:11:29.033785,0.975,0.025,1.0
2025-12-10T23:11:29.657081,0.975,0.025,1.0
2025-12-10T23:11:30.298771,0.975,0.025,1.0
2025-12-10T23:11:30.928863,0.975,0.025,1.0
2025-12-10T23:11:31.556701,0.975,0.025,1.0
2025-12-10T23:11:32.180119,0.975,0.025,1.0
2025-12-10T23:11:32.804028,0.975,0.025,1.0
2025-12-10T23:11:33.430939,0.975,0.025,1.0
2025-12-10T23:11:34.073610,0.975,0.025,1.0
2025-12-10T23:11:34.711552,0.975,0.025,1.0
2025-12-10T23:11:35.334023,0.975,0.025,1.0
2025-12-10T23:11:35.976613,0.975,0.025,1.0
2025-12-10T23:11:36.614589,0.975,0.025,1.0
2025-12-10T23:11:37.232057,0.975,0.025,1.0
2025-12-10T23:11:37.911499,0.975,0.025,1.0
2025-12-10T23:11:38.554744,0.975,0.025,1.0
2025-12-10T23:11:39.183024,0.975,0.025,1.0
2025-12-10T23:11:39.815892,0.975,0.025,1.0
2025-12-10T23:11:40.455823,0.975,0.025,1.0
2025-12-10T23:11:41.104720,0.975,0.025,1.0
2025-12-10T23:11:41.743353,0.975,0.025,1.0
2025-12-10T23:11:42.397051,0.975,0.025,1.0
2025-12-10T23:11:43.025392,0.965,0.035,1.0
2025-12-10T23:11:43.652209,0.965,0.035,1.0
2025-12-10T23:11:44.270552,0.97,0.03,1.0
2025-12-10T23:11:44.910957,0.965,0.035,1.0
2025-12-10T23:11:45.535852,0.96,0.045,1.005
2025-12-10T23:11:46.160508,0.955,0.045,1.0
2025-12-10T23:11:46.795022,0.94,0.06,1.0
2025-12-10T23:11:47.422813,0.935,0.065,1.0
2025-12-10T23:11:48.076756,0.935,0.06,0.9950000000000001
2025-12-10T23:11:47.061867,0.945,0.055,1.0
2025-12-10T23:11:47.678564,0.945,0.055,1.0
2025-12-10T23:11:48.315896,0.935,0.07,1.0050000000000001
2025-12-10T23:11:48.971125,0.925,0.075,1.0
2025-12-10T23:11:49.625851,0.93,0.07,1.0
2025-12-10T23:11:50.261585,0.935,0.07,1.0050000000000001
2025-12-10T23:11:50.887082,0.93,0.065,0.9950000000000001
2025-12-10T23:11:51.527397,0.93,0.07,1.0
2025-12-10T23:11:52.168751,0.935,0.065,1.0
2025-12-10T23:11:52.793181,0.935,0.065,1.0
2025-12-10T23:11:53.417257,0.945,0.055,1.0
2025-12-10T23:11:54.067427,0.94,0.06,1.0
2025-12-10T23:11:54.686411,0.94,0.06,1.0
2025-12-10T23:11:55.346203,0.94,0.06,1.0
2025-12-10T23:11:55.967127,0.94,0.06,1.0
2025-12-10T23:11:56.591163,0.94,0.06,1.0
2025-12-10T23:11:57.228281,0.94,0.06,1.0
2025-12-10T23:11:57.840693,0.935,0.065,1.0
2025-12-10T23:11:58.447545,0.935,0.065,1.0
2025-12-10T23:11:59.073363,0.94,0.06,1.0
2025-12-10T23:11:59.708366,0.945,0.06,1.005
2025-12-10T23:12:00.340907,0.94,0.06,1.0
2025-12-10T23:12:00.965721,0.945,0.055,1.0
2025-12-10T23:12:01.601814,0.935,0.06,0.9950000000000001
2025-12-10T23:12:02.240610,0.94,0.06,1.0
2025-12-10T23:12:02.883725,0.94,0.06,1.0
2025-12-10T23:12:03.526225,0.935,0.065,1.0
2025-12-10T23:12:04.175998,0.935,0.065,1.0
2025-12-10T23:12:04.785442,0.935,0.065,1.0
2025-12-10T23:12:05.466643,0.935,0.065,1.0
2025-12-10T23:12:06.091911,0.935,0.065,1.0
2025-12-10T23:12:06.720667,0.935,0.065,1.0
2025-12-10T23:12:07.351802,0.93,0.075,1.0050000000000001
2025-12-10T23:12:07.985788,0.915,0.08,0.995
2025-12-10T23:12:08.627643,0.92,0.085,1.0050000000000001
2025-12-10T23:12:09.264412,0.915,0.085,1.0
2025-12-10T23:12:09.900254,0.915,0.095,1.01
2025-12-10T23:12:10.538556,0.905,0.095,1.0
2025-12-10T23:12:11.169792,0.905,0.115,1.02
2025-12-10T23:12:11.797695,0.88,0.12,1.0
2025-12-10T23:12:12.428239,0.89,0.11,1.0
2025-12-10T23:12:13.058324,0.89,0.11,1.0
2025-12-10T23:12:13.674321,0.895,0.105,1.0
2025-12-10T23:12:14.314042,0.905,0.095,1.0
2025-12-10T23:12:14.936782,0.905,0.095,1.0
2025-12-10T23:12:15.575917,0.92,0.08,1.0
2025-12-10T23:12:16.205794,0.915,0.085,1.0
2025-12-10T23:12:16.869651,0.905,0.095,1.0
2025-12-10T23:12:17.512674,0.905,0.095,1.0
2025-12-10T23:12:18.154523,0.905,0.095,1.0
2025-12-10T23:12:18.780021,0.915,0.085,1.0
2025-12-10T23:12:17.768895,0.915,0.085,1.0
2025-12-10T23:12:18.412552,0.895,0.1,0.995
2025-12-10T23:12:19.057223,0.915,0.085,1.0
2025-12-10T23:12:19.719959,0.89,0.1,0.99
2025-12-10T23:12:20.342918,0.915,0.085,1.0
2025-12-10T23:12:20.947237,0.915,0.1,1.0150000000000001
2025-12-10T23:12:21.567043,0.905,0.095,1.0
2025-12-10T23:12:22.184936,0.915,0.08,0.995
2025-12-10T23:12:22.813907,0.925,0.075,1.0
2025-12-10T23:12:23.431858,0.92,0.08,1.0
2025-12-10T23:12:24.045445,0.915,0.08,0.995
2025-12-10T23:12:24.677189,0.915,0.085,1.0
2025-12-10T23:12:25.296254,0.915,0.085,1.0
2025-12-10T23:12:25.898296,0.915,0.085,1.0
2025-12-10T23:12:26.518509,0.92,0.08,1.0
2025-12-10T23:12:27.155966,0.915,0.08,0.995
2025-12-10T23:12:27.783487,0.92,0.08,1.0
2025-12-10T23:12:28.408965,0.92,0.08,1.0
2025-12-10T23:12:29.037789,0.92,0.08,1.0
2025-12-10T23:12:29.657271,0.915,0.085,1.0
2025-12-10T23:12:30.269176,0.92,0.08,1.0
2025-12-10T23:12:30.910243,0.92,0.08,1.0
2025-12-10T23:12:31.524370,0.92,0.08,1.0
2025-12-10T23:12:32.133261,0.925,0.075,1.0
2025-12-10T23:12:32.745004,0.915,0.085,1.0
2025-12-10T23:12:33.392926,0.895,0.105,1.0
2025-12-10T23:12:34.001042,0.895,0.105,1.0
2025-12-10T23:12:34.636323,0.895,0.105,1.0
2025-12-10T23:12:35.275193,0.895,0.105,1.0
2025-12-10T23:12:35.892337,0.88,0.115,0.995
2025-12-10T23:12:36.538263,0.905,0.095,1.0
2025-12-10T23:12:37.165367,0.905,0.095,1.0
2025-12-10T23:12:37.784589,0.905,0.095,1.0
2025-12-10T23:12:38.408390,0.91,0.09,1.0
2025-12-10T23:12:39.053604,0.91,0.09,1.0
2025-12-10T23:12:39.684529,0.91,0.09,1.0
2025-12-10T23:12:40.301432,0.91,0.09,1.0
2025-12-10T23:12:40.924478,0.915,0.085,1.0
2025-12-10T23:12:41.553071,0.915,0.085,1.0
2025-12-10T23:12:42.170990,0.915,0.085,1.0
2025-12-10T23:12:42.805132,0.915,0.085,1.0
2025-12-10T23:12:43.436626,0.915,0.085,1.0
2025-12-10T23:12:44.063427,0.915,0.085,1.0
2025-12-10T23:12:44.696895,0.915,0.085,1.0
2025-12-10T23:12:45.318923,0.915,0.085,1.0
2025-12-10T23:12:45.926219,0.915,0.085,1.0
2025-12-10T23:12:46.555990,0.915,0.085,1.0
2025-12-10T23:12:47.198142,0.915,0.085,1.0
2025-12-10T23:12:47.820958,0.915,0.085,1.0
2025-12-10T23:12:48.430293,0.915,0.085,1.0
2025-12-10T23:12:49.055961,0.915,0.085,1.0
2025-12-10T23:12:48.046389,0.915,0.085,1.0
2025-12-10T23:12:48.675005,0.92,0.08,1.0
2025-12-10T23:12:49.291339,0.92,0.08,1.0
2025-12-10T23:12:49.912443,0.92,0.08,1.0
2025-12-10T23:12:50.586815,0.92,0.08,1.0
2025-12-10T23:12:51.206540,0.925,0.075,1.0
2025-12-10T23:12:51.831981,0.92,0.08,1.0
2025-12-10T23:12:52.472422,0.92,0.08,1.0
2025-12-10T23:12:53.115006,0.92,0.08,1.0
2025-12-10T23:12:53.755704,0.9,0.115,1.0150000000000001
2025-12-10T23:12:54.364588,0.79,0.205,0.995
2025-12-10T23:12:54.997182,0.8,0.205,1.0050000000000001
2025-12-10T23:12:55.643858,0.795,0.225,1.02
2025-12-10T23:12:56.259371,0.78,0.22,1.0
2025-12-10T23:12:56.905348,0.785,0.215,1.0
2025-12-10T23:12:57.539328,0.795,0.205,1.0
2025-12-10T23:12:58.164032,0.78,0.215,0.995
2025-12-10T23:12:58.773234,0.78,0.22,1.0
2025-12-10T23:12:59.396330,0.785,0.245,1.03
2025-12-10T23:13:00.041144,0.775,0.23,1.0050000000000001
2025-12-10T23:13:00.657463,0.785,0.215,1.0
2025-12-10T23:13:01.269779,0.77,0.23,1.0
2025-12-10T23:13:01.896773,0.755,0.245,1.0
2025-12-10T23:13:02.528727,0.725,0.295,1.02
2025-12-10T23:13:03.151339,0.7,0.3,1.0
2025-12-10T23:13:03.780923,0.695,0.305,1.0
2025-12-10T23:13:04.490931,0.69,0.315,1.005
2025-12-10T23:13:05.139579,0.685,0.31,0.9950000000000001
2025-12-10T23:13:05.804492,0.7,0.315,1.015
2025-12-10T23:13:06.459870,0.695,0.3,0.9949999999999999
2025-12-10T23:13:07.101904,0.675,0.325,1.0
2025-12-10T23:13:07.725796,0.665,0.335,1.0
2025-12-10T23:13:08.361356,0.655,0.345,1.0
2025-12-10T23:13:08.988109,0.665,0.335,1.0
2025-12-10T23:13:09.627542,0.67,0.33,1.0
2025-12-10T23:13:10.246762,0.675,0.325,1.0
2025-12-10T23:13:10.864502,0.695,0.305,1.0
2025-12-10T23:13:11.539768,0.695,0.305,1.0
2025-12-10T23:13:12.149125,0.685,0.315,1.0
2025-12-10T23:13:12.816764,0.645,0.355,1.0
2025-12-10T23:13:13.460171,0.64,0.36,1.0
2025-12-10T23:13:14.088863,0.64,0.375,1.0150000000000001
2025-12-10T23:13:14.695347,0.63,0.37,1.0
2025-12-10T23:13:15.311717,0.615,0.385,1.0
2025-12-10T23:13:15.927742,0.605,0.395,1.0
2025-12-10T23:13:16.551928,0.5,0.5,1.0
2025-12-10T23:13:17.186717,0.485,0.515,1.0
2025-12-10T23:13:17.813488,0.475,0.525,1.0
2025-12-10T23:13:18.412233,0.465,0.535,1.0
2025-12-10T23:13:19.027331,0.455,0.545,1.0
2025-12-10T23:13:19.648642,0.435,0.58,1.015
2025-12-10T23:13:20.269380,0.415,0.58,0.9949999999999999
2025-12-10T23:13:19.220735,0.405,0.595,1.0
2025-12-10T23:13:19.849376,0.385,0.625,1.01
2025-12-10T23:13:20.471063,0.39,0.595,0.985
2025-12-10T23:13:21.084885,0.43,0.55,0.98
2025-12-10T23:13:21.718655,0.435,0.565,1.0
2025-12-10T23:13:22.344167,0.455,0.545,1.0
2025-12-10T23:13:22.964704,0.42,0.585,1.005
2025-12-10T23:13:23.593449,0.315,0.685,1.0
2025-12-10T23:13:24.249145,0.315,0.695,1.01
2025-12-10T23:13:24.891115,0.285,0.715,1.0
2025-12-10T23:13:25.503570,0.275,0.725,1.0
2025-12-10T23:13:26.119381,0.245,0.755,1.0
2025-12-10T23:13:26.745506,0.235,0.765,1.0
2025-12-10T23:13:27.361820,0.185,0.815,1.0
2025-12-10T23:13:27.997290,0.175,0.835,1.01
2025-12-10T23:13:28.653057,0.15,0.85,1.0
2025-12-10T23:13:29.280756,0.12,0.885,1.005
2025-12-10T23:13:29.916743,0.105,0.895,1.0
2025-12-10T23:13:30.538974,0.095,0.905,1.0
2025-12-10T23:13:31.175583,0.09,0.91,1.0
2025-12-10T23:13:31.806038,0.075,0.93,1.0050000000000001
2025-12-10T23:13:32.413407,0.055,0.945,1.0
2025-12-10T23:13:33.051450,0.055,0.945,1.0
2025-12-10T23:13:33.689284,0.06,0.94,1.0
2025-12-10T23:13:34.327437,0.065,0.935,1.0
2025-12-10T23:13:34.967566,0.065,0.935,1.0
2025-12-10T23:13:35.587863,0.06,0.945,1.005
2025-12-10T23:13:36.235350,0.075,0.93,1.0050000000000001
2025-12-10T23:13:36.908730,0.045,0.955,1.0
2025-12-10T23:13:37.524577,0.075,0.925,1.0
2025-12-10T23:13:38.161327,0.065,0.935,1.0
2025-12-10T23:13:38.811447,0.045,0.945,0.99
2025-12-10T23:13:39.451981,0.045,0.965,1.01
2025-12-10T23:13:40.099335,0.045,0.955,1.0
2025-12-10T23:13:40.743925,0.055,0.94,0.995
2025-12-10T23:13:41.354099,0.075,0.925,1.0
2025-12-10T23:13:41.988786,0.065,0.935,1.0
2025-12-10T23:13:42.635364,0.065,0.935,1.0
2025-12-10T23:13:43.277646,0.065,0.935,1.0
2025-12-10T23:13:43.892230,0.055,0.945,1.0
2025-12-10T23:13:44.509516,0.055,0.945,1.0
2025-12-10T23:13:45.136625,0.05,0.95,1.0
2025-12-10T23:13:45.812866,0.055,0.945,1.0
2025-12-10T23:13:46.429381,0.055,0.945,1.0
2025-12-10T23:13:47.044884,0.055,0.945,1.0
2025-12-10T23:13:47.665888,0.07,0.93,1.0
2025-12-10T23:13:48.291764,0.06,0.945,1.005
2025-12-10T23:13:48.928384,0.045,0.955,1.0
2025-12-10T23:13:49.558965,0.04,0.965,1.005
2025-12-10T23:13:50.195041,0.035,0.965,1.0
2025-12-10T23:13:50.816773,0.035,0.975,1.01
2025-12-10T23:13:49.787231,0.015,0.985,1.0
2025-12-10T23:13:50.482843,0.02,0.98,1.0
2025-12-10T23:13:51.114609,0.015,0.985,1.0
2025-12-10T23:13:51.740668,0.005,0.995,1.0
2025-12-10T23:13:52.366153,0.005,0.995,1.0
2025-12-10T23:13:52.976660,0.005,0.995,1.0
2025-12-10T23:13:53.615520,0.005,0.995,1.0
2025-12-10T23:13:54.242578,0.005,0.995,1.0
2025-12-10T23:13:54.869867,0.005,0.995,1.0
2025-12-10T23:13:55.498250,0.005,0.995,1.0
2025-12-10T23:13:56.140778,0.005,0.995,1.0
2025-12-10T23:13:56.763867,0.005,0.995,1.0
2025-12-10T23:13:57.389143,0.005,0.995,1.0
2025-12-10T23:13:58.021800,0.005,0.995,1.0
2025-12-10T23:13:58.633471,0.005,0.995,1.0
2025-12-10T23:13:59.243650,0.005,0.995,1.0
2025-12-10T23:13:59.851627,0.005,0.995,1.0
2025-12-10T23:14:00.462854,0.005,0.995,1.0
2025-12-10T23:14:01.123869,0.005,0.995,1.0
2025-12-10T23:14:01.746128,0.005,0.995,1.0
2025-12-10T23:14:02.432172,0.005,0.995,1.0
2025-12-10T23:14:03.043210,0.005,0.995,1.0
2025-12-10T23:14:03.666845,0.005,0.995,1.0
2025-12-10T23:14:04.338533,0.005,0.995,1.0
2025-12-10T23:14:04.965781,0.005,0.995,1.0
2025-12-10T23:14:05.603248,0.005,0.995,1.0
2025-12-10T23:14:06.228359,0.005,0.995,1.0
2025-12-10T23:14:06.838354,0.005,0.995,1.0
2025-12-10T23:14:07.477555,0.005,0.995,1.0
2025-12-10T23:14:08.091803,0.005,0.995,1.0
2025-12-10T23:14:08.707572,0.005,0.995,1.0
2025-12-10T23:14:09.345725,0.005,0.995,1.0
2025-12-10T23:14:09.975408,0.005,0.995,1.0
2025-12-10T23:14:10.686647,0.005,0.995,1.0
2025-12-10T23:14:11.328730,0.005,0.995,1.0
2025-12-10T23:14:11.970901,0.005,0.995,1.0
2025-12-10T23:14:12.672632,0.005,0.995,1.0
2025-12-10T23:14:13.291019,0.005,0.995,1.0
2025-12-10T23:14:13.964360,0.005,0.995,1.0
2025-12-10T23:14:14.574169,0.005,0.995,1.0
2025-12-10T23:14:15.196926,0.005,0.995,1.0
2025-12-10T23:14:15.921923,0.005,0.995,1.0
2025-12-10T23:14:16.551199,0.005,0.995,1.0
2025-12-10T23:14:17.172981,0.005,0.995,1.0
2025-12-10T23:14:17.800024,0.005,0.995,1.0
2025-12-10T23:14:18.422732,0.005,0.995,1.0
2025-12-10T23:14:19.055468,0.005,0.995,1.0
2025-12-10T23:14:19.673848,0.005,0.995,1.0
2025-12-10T23:14:20.298812,0.005,0.995,1.0
2025-12-10T23:14:20.970060,0.005,0.995,1.0
2025-12-10T23:14:19.976151,0.005,0.995,1.0
2025-12-10T23:14:20.629869,0.005,0.995,1.0
2025-12-10T23:14:21.251856,0.005,0.995,1.0
2025-12-10T23:14:21.890466,0.005,0.995,1.0
2025-12-10T23:14:22.520684,0.005,0.995,1.0
2025-12-10T23:14:23.210647,0.005,0.995,1.0
2025-12-10T23:14:23.822659,0.005,0.995,1.0
2025-12-10T23:14:24.463027,0.005,0.995,1.0
2025-12-10T23:14:25.084961,0.005,0.995,1.0
2025-12-10T23:14:25.703413,0.005,0.995,1.0
2025-12-10T23:14:26.326328,0.005,0.995,1.0
2025-12-10T23:14:26.985746,0.005,0.995,1.0
2025-12-10T23:14:27.622465,0.005,0.995,1.0
2025-12-10T23:14:28.231707,0.005,0.995,1.0
2025-12-10T23:14:28.840040,0.005,0.995,1.0
2025-12-10T23:14:29.469031,0.005,0.995,1.0
2025-12-10T23:14:30.097759,0.005,0.995,1.0
2025-12-10T23:14:30.739323,0.005,0.995,1.0
2025-12-10T23:14:31.363334,0.005,0.995,1.0
2025-12-10T23:14:32.032588,0.005,0.995,1.0
2025-12-10T23:14:32.677568,0.005,0.995,1.0
2025-12-10T23:14:33.291510,0.005,0.995,1.0
2025-12-10T23:14:33.914867,0.005,0.995,1.0
2025-12-10T23:14:34.544323,0.005,0.995,1.0
2025-12-10T23:14:35.195768,0.005,0.995,1.0
2025-12-10T23:14:35.820844,0.005,0.995,1.0
2025-12-10T23:14:36.456708,0.005,0.995,1.0
2025-12-10T23:14:37.111269,0.005,0.995,1.0
2025-12-10T23:14:37.717938,0.005,0.995,1.0
2025-12-10T23:14:38.370547,0.005,0.995,1.0
2025-12-10T23:14:38.995310,0.005,0.995,1.0
2025-12-10T23:14:39.637422,0.005,0.995,1.0
2025-12-10T23:14:40.274914,0.005,0.995,1.0
2025-12-10T23:14:40.898975,0.005,0.995,1.0
2025-12-10T23:14:41.522710,0.005,0.995,1.0
2025-12-10T23:14:42.191207,0.005,0.995,1.0
2025-12-10T23:14:42.829061,0.005,0.995,1.0
2025-12-10T23:14:43.449575,0.005,0.995,1.0
2025-12-10T23:14:44.083077,0.005,0.995,1.0
2025-12-10T23:14:44.701823,0.005,0.995,1.0
2025-12-10T23:14:45.328300,0.005,0.995,1.0
2025-12-10T23:14:45.991438,0.005,0.995,1.0
2025-12-10T23:14:46.617900,0.005,0.995,1.0
2025-12-10T23:14:47.230454,0.005,0.995,1.0
2025-12-10T23:14:47.853885,0.005,0.995,1.0
2025-12-10T23:14:48.487498,0.005,0.995,1.0
2025-12-10T23:14:49.109556,0.005,0.995,1.0
2025-12-10T23:14:49.734190,0.005,0.995,1.0
2025-12-10T23:14:50.350742,0.005,0.995,1.0
2025-12-10T23:14:50.994246,0.005,0.995,1.0
2025-12-10T23:14:51.618532,0.005,0.995,1.0
2025-12-10T23:14:50.597106,0.005,0.995,1.0
2025-12-10T23:14:51.222575,0.005,0.995,1.0
2025-12-10T23:14:51.827022,0.005,0.995,1.0
2025-12-10T23:14:52.439394,0.005,0.995,1.0
2025-12-10T23:14:53.073342,0.005,0.995,1.0
2025-12-10T23:14:53.702086,0.005,0.995,1.0
2025-12-10T23:14:54.334528,0.005,0.995,1.0
2025-12-10T23:14:54.955673,0.005,0.995,1.0
2025-12-10T23:14:55.571495,0.005,0.995,1.0
2025-12-10T23:14:56.197800,0.005,0.995,1.0
2025-12-10T23:14:56.830063,0.005,0.995,1.0
2025-12-10T23:14:57.447893,0.005,0.995,1.0
2025-12-10T23:14:58.073817,0.005,0.995,1.0
2025-12-10T23:14:58.713379,0.005,0.995,1.0
2025-12-10T23:14:59.345149,0.005,0.995,1.0
2025-12-10T23:14:59.987651,0.005,0.995,1.0
2025-12-10T23:15:00.609763,0.005,0.995,1.0
2025-12-10T23:15:01.222443,0.005,0.995,1.0
2025-12-10T23:15:01.847237,0.005,0.995,1.0
2025-12-10T23:15:02.457163,0.005,0.995,1.0
2025-12-10T23:15:03.071397,0.005,0.995,1.0
2025-12-10T23:15:03.702362,0.005,0.995,1.0
2025-12-10T23:15:04.320062,0.005,0.995,1.0
2025-12-10T23:15:04.948132,0.005,0.995,1.0
2025-12-10T23:15:05.587160,0.005,0.995,1.0
2025-12-10T23:15:06.204041,0.005,0.995,1.0
2025-12-10T23:15:06.821148,0.005,0.995,1.0
2025-12-10T23:15:07.443717,0.005,0.995,1.0
2025-12-10T23:15:08.063490,0.005,0.995,1.0
2025-12-10T23:15:08.696589,0.005,0.995,1.0
2025-12-10T23:15:09.329831,0.005,0.995,1.0
2025-12-10T23:15:09.958263,0.005,0.995,1.0
2025-12-10T23:15:10.598678,0.005,0.995,1.0
2025-12-10T23:15:11.239087,0.005,0.995,1.0
2025-12-10T23:15:11.868649,0.005,0.995,1.0
2025-12-10T23:15:12.551513,0.005,0.995,1.0
2025-12-10T23:15:13.173118,0.005,0.995,1.0
2025-12-10T23:15:13.815280,0.005,0.995,1.0
2025-12-10T23:15:14.441360,0.005,0.995,1.0
2025-12-10T23:15:15.056277,0.005,0.995,1.0
2025-12-10T23:15:15.687755,0.005,0.995,1.0
2025-12-10T23:15:16.304459,0.005,0.995,1.0
2025-12-10T23:15:16.928012,0.005,0.995,1.0
2025-12-10T23:15:17.553722,0.005,0.995,1.0
2025-12-10T23:15:18.210654,0.005,0.995,1.0
2025-12-10T23:15:18.858385,0.005,0.995,1.0
2025-12-10T23:15:19.521166,0.005,0.995,1.0
2025-12-10T23:15:20.151599,0.005,0.995,1.0
2025-12-10T23:15:20.766629,0.005,0.995,1.0
2025-12-10T23:15:21.388090,0.005,0.995,1.0
2025-12-10T23:15:22.088636,0.005,0.995,1.0
2025-12-10T23:15:21.068221,0.005,0.995,1.0
2025-12-10T23:15:21.683544,0.005,0.995,1.0
2025-12-10T23:15:22.316870,0.005,0.995,1.0
2025-12-10T23:15:22.954067,0.005,0.995,1.0
2025-12-10T23:15:23.588597,0.005,0.995,1.0
2025-12-10T23:15:24.225116,0.005,0.995,1.0
2025-12-10T23:15:24.832799,0.005,0.995,1.0
2025-12-10T23:15:25.454476,0.005,0.995,1.0
2025-12-10T23:15:26.098010,0.005,0.995,1.0
2025-12-10T23:15:26.716044,0.005,0.995,1.0
2025-12-10T23:15:27.348669,0.005,0.995,1.0
2025-12-10T23:15:27.952778,0.005,0.995,1.0
2025-12-10T23:15:28.572898,0.005,0.995,1.0
2025-12-10T23:15:29.193338,0.005,0.995,1.0
2025-12-10T23:15:29.817432,0.005,0.995,1.0
2025-12-10T23:15:30.451554,0.005,0.995,1.0
2025-12-10T23:15:31.080270,0.005,0.995,1.0
2025-12-10T23:15:31.725675,0.005,0.995,1.0
2025-12-10T23:15:32.360134,0.005,0.995,1.0
2025-12-10T23:15:32.985054,0.005,0.995,1.0
2025-12-10T23:15:33.624451,0.005,0.995,1.0
2025-12-10T23:15:34.242094,0.005,0.995,1.0
2025-12-10T23:15:34.870150,0.005,0.995,1.0
2025-12-10T23:15:35.507354,0.005,0.995,1.0
2025-12-10T23:15:36.165542,0.005,0.995,1.0
2025-12-10T23:15:36.798043,0.005,0.995,1.0
2025-12-10T23:15:37.416909,0.005,0.995,1.0
2025-12-10T23:15:38.065360,0.005,0.995,1.0
2025-12-10T23:15:38.676287,0.005,0.995,1.0
2025-12-10T23:15:39.288889,0.005,0.995,1.0
2025-12-10T23:15:39.912526,0.005,0.995,1.0
2025-12-10T23:15:40.534643,0.005,0.995,1.0
2025-12-10T23:15:41.148102,0.005,0.995,1.0
2025-12-10T23:15:41.777238,0.005,0.995,1.0
2025-12-10T23:15:42.405008,0.005,0.995,1.0
2025-12-10T23:15:43.071471,0.005,0.995,1.0
2025-12-10T23:15:43.689423,0.005,0.995,1.0
2025-12-10T23:15:44.330067,0.005,0.995,1.0
2025-12-10T23:15:44.978235,0.005,0.995,1.0
2025-12-10T23:15:45.592067,0.005,0.995,1.0
2025-12-10T23:15:46.235119,0.005,0.995,1.0
2025-12-10T23:15:46.838261,0.005,0.995,1.0
2025-12-10T23:15:47.452557,0.005,0.995,1.0
2025-12-10T23:15:48.060272,0.005,0.995,1.0
2025-12-10T23:15:48.700832,0.005,0.995,1.0
2025-12-10T23:15:49.327169,0.005,0.995,1.0
2025-12-10T23:15:49.971753,0.005,0.995,1.0
2025-12-10T23:15:50.595811,0.005,0.995,1.0
2025-12-10T23:15:51.223179,0.005,0.995,1.0
2025-12-10T23:15:51.860820,0.005,0.995,1.0
2025-12-10T23:15:52.481509,0.005,0.995,1.0
2025-12-10T23:15:53.124799,0.005,0.995,1.0
2025-12-10T23:15:52.103792,0.005,0.995,1.0
2025-12-10T23:15:52.739757,0.005,0.995,1.0
2025-12-10T23:15:53.356682,0.005,0.995,1.0
2025-12-10T23:15:53.982450,0.005,0.995,1.0
2025-12-10T23:15:54.604735,0.005,0.995,1.0
2025-12-10T23:15:55.221033,0.005,0.995,1.0
2025-12-10T23:15:55.866275,0.005,0.995,1.0
2025-12-10T23:15:56.548901,0.005,0.995,1.0
2025-12-10T23:15:57.208395,0.005,0.995,1.0
2025-12-10T23:15:57.845809,0.005,0.995,1.0
2025-12-10T23:15:58.473742,0.005,0.995,1.0
2025-12-10T23:15:59.100934,0.005,0.995,1.0
