timestamp,price_yes,price_no,sum_prices
2025-12-11T04:01:00.484231,0.425,0.585,1.01
2025-12-11T04:01:01.079134,0.415,0.585,1.0
2025-12-11T04:01:01.927038,0.405,0.595,1.0
2025-12-11T04:01:02.536268,0.395,0.605,1.0
2025-12-11T04:01:03.143487,0.395,0.605,1.0
2025-12-11T04:01:03.747251,0.385,0.615,1.0
2025-12-11T04:01:04.360062,0.39,0.605,0.995
2025-12-11T04:01:04.962736,0.4,0.595,0.995
2025-12-11T04:01:05.564356,0.375,0.62,0.995
2025-12-11T04:01:06.178253,0.385,0.615,1.0
2025-12-11T04:01:06.796915,0.395,0.605,1.0
2025-12-11T04:01:07.409624,0.41,0.595,1.005
2025-12-11T04:01:08.014220,0.395,0.605,1.0
2025-12-11T04:01:08.623991,0.395,0.605,1.0
2025-12-11T04:01:09.232778,0.405,0.595,1.0
2025-12-11T04:01:09.837380,0.395,0.605,1.0
2025-12-11T04:01:10.440983,0.395,0.595,0.99
2025-12-11T04:01:11.051106,0.41,0.59,1.0
2025-12-11T04:01:11.661234,0.4,0.6,1.0
2025-12-11T04:01:12.264674,0.415,0.585,1.0
2025-12-11T04:01:12.869340,0.405,0.595,1.0
2025-12-11T04:01:13.474493,0.415,0.585,1.0
2025-12-11T04:01:14.081292,0.41,0.59,1.0
2025-12-11T04:01:14.694016,0.395,0.605,1.0
2025-12-11T04:01:15.292504,0.375,0.625,1.0
2025-12-11T04:01:15.887205,0.375,0.62,0.995
2025-12-11T04:01:16.492930,0.385,0.615,1.0
2025-12-11T04:01:17.111513,0.375,0.625,1.0
2025-12-11T04:01:17.714209,0.37,0.63,1.0
2025-12-11T04:01:18.312167,0.365,0.635,1.0
2025-12-11T04:01:18.913749,0.355,0.645,1.0
2025-12-11T04:01:19.523134,0.355,0.645,1.0
2025-12-11T04:01:20.131590,0.355,0.645,1.0
2025-12-11T04:01:20.731437,0.36,0.64,1.0
2025-12-11T04:01:21.352123,0.355,0.645,1.0
2025-12-11T04:01:21.948525,0.355,0.64,0.995
2025-12-11T04:01:22.561987,0.36,0.64,1.0
2025-12-11T04:01:23.169830,0.35,0.65,1.0
2025-12-11T04:01:23.775821,0.35,0.65,1.0
2025-12-11T04:01:24.378912,0.35,0.65,1.0
2025-12-11T04:01:24.986879,0.35,0.65,1.0
2025-12-11T04:01:25.599721,0.35,0.65,1.0
2025-12-11T04:01:26.211887,0.355,0.645,1.0
2025-12-11T04:01:26.818681,0.385,0.615,1.0
2025-12-11T04:01:27.435445,0.385,0.615,1.0
2025-12-11T04:01:28.034621,0.39,0.61,1.0
2025-12-11T04:01:28.638812,0.4,0.595,0.995
2025-12-11T04:01:29.253366,0.405,0.595,1.0
2025-12-11T04:01:29.850371,0.4,0.6,1.0
2025-12-11T04:01:30.459676,0.4,0.595,0.995
2025-12-11T04:01:31.056691,0.405,0.595,1.0
2025-12-11T04:01:30.063026,0.395,0.605,1.0
2025-12-11T04:01:30.669797,0.395,0.605,1.0
2025-12-11T04:01:31.274553,0.395,0.605,1.0
2025-12-11T04:01:31.875856,0.38,0.625,1.005
2025-12-11T04:01:32.486399,0.375,0.625,1.0
2025-12-11T04:01:33.082344,0.375,0.625,1.0
2025-12-11T04:01:33.687112,0.375,0.625,1.0
2025-12-11T04:01:34.293850,0.375,0.625,1.0
2025-12-11T04:01:34.907388,0.375,0.625,1.0
2025-12-11T04:01:35.522263,0.365,0.635,1.0
2025-12-11T04:01:36.132009,0.365,0.635,1.0
2025-12-11T04:01:36.729922,0.365,0.635,1.0
2025-12-11T04:01:37.339639,0.365,0.635,1.0
2025-12-11T04:01:37.949409,0.37,0.63,1.0
2025-12-11T04:01:38.559131,0.355,0.645,1.0
2025-12-11T04:01:39.160338,0.37,0.635,1.005
2025-12-11T04:01:39.754386,0.355,0.64,0.995
2025-12-11T04:01:40.351921,0.355,0.645,1.0
2025-12-11T04:01:40.962562,0.365,0.635,1.0
2025-12-11T04:01:41.572913,0.375,0.625,1.0
2025-12-11T04:01:42.179845,0.375,0.625,1.0
2025-12-11T04:01:42.787743,0.365,0.635,1.0
2025-12-11T04:01:43.388327,0.355,0.64,0.995
2025-12-11T04:01:43.990624,0.355,0.645,1.0
2025-12-11T04:01:44.600017,0.355,0.645,1.0
2025-12-11T04:01:45.210096,0.355,0.645,1.0
2025-12-11T04:01:45.825516,0.36,0.64,1.0
2025-12-11T04:01:46.430722,0.365,0.635,1.0
2025-12-11T04:01:47.035427,0.355,0.645,1.0
2025-12-11T04:01:47.635722,0.345,0.655,1.0
2025-12-11T04:01:48.236999,0.35,0.65,1.0
2025-12-11T04:01:48.847535,0.335,0.665,1.0
2025-12-11T04:01:49.448931,0.335,0.665,1.0
2025-12-11T04:01:50.052302,0.33,0.67,1.0
2025-12-11T04:01:50.649902,0.335,0.665,1.0
2025-12-11T04:01:51.263277,0.345,0.655,1.0
2025-12-11T04:01:51.867333,0.345,0.655,1.0
2025-12-11T04:01:52.477119,0.345,0.655,1.0
2025-12-11T04:01:53.095134,0.345,0.655,1.0
2025-12-11T04:01:53.697227,0.335,0.67,1.0050000000000001
2025-12-11T04:01:54.292416,0.325,0.675,1.0
2025-12-11T04:01:54.893031,0.315,0.685,1.0
2025-12-11T04:01:55.498789,0.315,0.685,1.0
2025-12-11T04:01:56.109684,0.31,0.69,1.0
2025-12-11T04:01:56.719718,0.31,0.69,1.0
2025-12-11T04:01:57.318217,0.295,0.705,1.0
2025-12-11T04:01:57.927855,0.3,0.7,1.0
2025-12-11T04:01:58.529149,0.31,0.69,1.0
2025-12-11T04:01:59.139434,0.31,0.69,1.0
2025-12-11T04:01:59.735911,0.3,0.705,1.005
2025-12-11T04:02:00.337854,0.295,0.705,1.0
2025-12-11T04:02:00.937657,0.295,0.705,1.0
2025-12-11T04:02:01.533740,0.3,0.7,1.0
2025-12-11T04:02:00.533829,0.305,0.695,1.0
2025-12-11T04:02:01.125885,0.305,0.695,1.0
2025-12-11T04:02:01.731750,0.285,0.715,1.0
2025-12-11T04:02:02.354193,0.275,0.725,1.0
2025-12-11T04:02:02.962881,0.265,0.735,1.0
2025-12-11T04:02:03.576658,0.275,0.725,1.0
2025-12-11T04:02:04.181382,0.275,0.725,1.0
2025-12-11T04:02:04.782873,0.285,0.715,1.0
2025-12-11T04:02:05.383265,0.285,0.715,1.0
2025-12-11T04:02:05.985490,0.285,0.715,1.0
2025-12-11T04:02:06.607329,0.285,0.715,1.0
2025-12-11T04:02:07.227786,0.305,0.695,1.0
2025-12-11T04:02:07.834899,0.315,0.685,1.0
2025-12-11T04:02:08.455845,0.295,0.705,1.0
2025-12-11T04:02:09.069686,0.315,0.685,1.0
2025-12-11T04:02:09.688217,0.305,0.7,1.005
2025-12-11T04:02:10.306045,0.285,0.72,1.005
2025-12-11T04:02:10.920704,0.275,0.725,1.0
2025-12-11T04:02:11.532158,0.265,0.735,1.0
2025-12-11T04:02:12.144603,0.265,0.735,1.0
2025-12-11T04:02:12.759436,0.285,0.715,1.0
2025-12-11T04:02:13.370301,0.295,0.705,1.0
2025-12-11T04:02:13.995630,0.3,0.7,1.0
2025-12-11T04:02:14.604016,0.285,0.715,1.0
2025-12-11T04:02:15.215114,0.285,0.715,1.0
2025-12-11T04:02:15.831816,0.275,0.725,1.0
2025-12-11T04:02:16.449129,0.275,0.725,1.0
2025-12-11T04:02:17.063382,0.275,0.725,1.0
2025-12-11T04:02:17.671693,0.275,0.73,1.005
2025-12-11T04:02:18.280245,0.275,0.72,0.995
2025-12-11T04:02:18.885256,0.275,0.725,1.0
2025-12-11T04:02:19.499499,0.28,0.72,1.0
2025-12-11T04:02:20.111215,0.275,0.725,1.0
2025-12-11T04:02:20.721610,0.275,0.725,1.0
2025-12-11T04:02:21.332281,0.285,0.715,1.0
2025-12-11T04:02:21.941267,0.275,0.725,1.0
2025-12-11T04:02:22.550682,0.285,0.715,1.0
2025-12-11T04:02:23.168939,0.265,0.735,1.0
2025-12-11T04:02:23.764821,0.275,0.725,1.0
2025-12-11T04:02:24.375810,0.285,0.715,1.0
2025-12-11T04:02:25.000327,0.295,0.705,1.0
2025-12-11T04:02:25.605415,0.3,0.7,1.0
2025-12-11T04:02:26.218467,0.295,0.705,1.0
2025-12-11T04:02:26.825181,0.295,0.705,1.0
2025-12-11T04:02:27.425926,0.285,0.715,1.0
2025-12-11T04:02:28.059678,0.285,0.715,1.0
2025-12-11T04:02:28.672682,0.275,0.725,1.0
2025-12-11T04:02:29.283560,0.265,0.735,1.0
2025-12-11T04:02:29.898250,0.265,0.735,1.0
2025-12-11T04:02:30.514729,0.27,0.73,1.0
2025-12-11T04:02:31.128576,0.27,0.73,1.0
2025-12-11T04:02:31.741983,0.275,0.725,1.0
2025-12-11T04:02:32.341536,0.275,0.725,1.0
2025-12-11T04:02:31.381668,0.275,0.725,1.0
2025-12-11T04:02:31.992707,0.285,0.715,1.0
2025-12-11T04:02:32.597884,0.285,0.715,1.0
2025-12-11T04:02:33.209281,0.285,0.715,1.0
2025-12-11T04:02:33.805930,0.295,0.705,1.0
2025-12-11T04:02:34.418450,0.29,0.71,1.0
2025-12-11T04:02:35.028115,0.285,0.715,1.0
2025-12-11T04:02:35.637244,0.285,0.715,1.0
2025-12-11T04:02:36.237550,0.275,0.725,1.0
2025-12-11T04:02:36.855206,0.275,0.725,1.0
2025-12-11T04:02:37.463025,0.285,0.715,1.0
2025-12-11T04:02:38.074629,0.28,0.72,1.0
2025-12-11T04:02:38.677760,0.285,0.715,1.0
2025-12-11T04:02:39.285291,0.285,0.715,1.0
2025-12-11T04:02:39.891144,0.285,0.715,1.0
2025-12-11T04:02:40.488716,0.29,0.71,1.0
2025-12-11T04:02:41.100362,0.285,0.715,1.0
2025-12-11T04:02:41.724586,0.275,0.725,1.0
2025-12-11T04:02:42.353437,0.275,0.725,1.0
2025-12-11T04:02:43.042016,0.29,0.71,1.0
2025-12-11T04:02:43.655907,0.295,0.705,1.0
2025-12-11T04:02:44.271983,0.295,0.71,1.005
2025-12-11T04:02:44.882814,0.285,0.715,1.0
2025-12-11T04:02:45.490383,0.285,0.72,1.005
2025-12-11T04:02:46.104481,0.275,0.725,1.0
2025-12-11T04:02:46.712913,0.275,0.725,1.0
2025-12-11T04:02:47.322354,0.275,0.725,1.0
2025-12-11T04:02:47.940465,0.265,0.735,1.0
2025-12-11T04:02:48.541732,0.255,0.745,1.0
2025-12-11T04:02:49.153750,0.255,0.745,1.0
2025-12-11T04:02:49.759276,0.255,0.745,1.0
2025-12-11T04:02:50.375464,0.255,0.745,1.0
2025-12-11T04:02:50.984781,0.255,0.745,1.0
2025-12-11T04:02:51.601903,0.25,0.75,1.0
2025-12-11T04:02:52.213726,0.25,0.75,1.0
2025-12-11T04:02:52.826078,0.25,0.75,1.0
2025-12-11T04:02:53.447510,0.25,0.75,1.0
2025-12-11T04:02:54.062732,0.25,0.75,1.0
2025-12-11T04:02:54.672788,0.245,0.755,1.0
2025-12-11T04:02:55.288931,0.235,0.765,1.0
2025-12-11T04:02:55.887125,0.24,0.765,1.005
2025-12-11T04:02:56.488476,0.235,0.765,1.0
2025-12-11T04:02:57.099906,0.225,0.775,1.0
2025-12-11T04:02:57.708481,0.225,0.775,1.0
2025-12-11T04:02:58.329635,0.225,0.78,1.0050000000000001
2025-12-11T04:02:58.940443,0.215,0.785,1.0
2025-12-11T04:02:59.553684,0.205,0.795,1.0
2025-12-11T04:03:00.168469,0.205,0.795,1.0
2025-12-11T04:03:00.780048,0.205,0.795,1.0
2025-12-11T04:03:01.386954,0.21,0.785,0.995
2025-12-11T04:03:01.998133,0.215,0.785,1.0
2025-12-11T04:03:02.608424,0.21,0.79,1.0
2025-12-11T04:03:01.619335,0.22,0.78,1.0
2025-12-11T04:03:02.229066,0.225,0.775,1.0
2025-12-11T04:03:02.833845,0.225,0.775,1.0
2025-12-11T04:03:03.443316,0.225,0.775,1.0
2025-12-11T04:03:04.053790,0.24,0.76,1.0
2025-12-11T04:03:04.653575,0.245,0.755,1.0
2025-12-11T04:03:05.264996,0.245,0.755,1.0
2025-12-11T04:03:05.870503,0.25,0.75,1.0
2025-12-11T04:03:06.481695,0.255,0.745,1.0
2025-12-11T04:03:07.100040,0.255,0.745,1.0
2025-12-11T04:03:07.713420,0.255,0.735,0.99
2025-12-11T04:03:08.322267,0.27,0.73,1.0
2025-12-11T04:03:08.924678,0.275,0.725,1.0
2025-12-11T04:03:09.536173,0.275,0.725,1.0
2025-12-11T04:03:10.151467,0.27,0.73,1.0
2025-12-11T04:03:10.759868,0.275,0.725,1.0
2025-12-11T04:03:11.367287,0.285,0.715,1.0
2025-12-11T04:03:11.976860,0.29,0.705,0.9949999999999999
2025-12-11T04:03:12.591855,0.295,0.705,1.0
2025-12-11T04:03:13.226318,0.295,0.705,1.0
2025-12-11T04:03:13.846860,0.31,0.69,1.0
2025-12-11T04:03:14.444313,0.305,0.695,1.0
2025-12-11T04:03:15.051163,0.305,0.71,1.015
2025-12-11T04:03:15.662208,0.28,0.72,1.0
2025-12-11T04:03:16.260954,0.285,0.715,1.0
2025-12-11T04:03:16.874076,0.295,0.705,1.0
2025-12-11T04:03:17.484584,0.295,0.695,0.99
2025-12-11T04:03:18.094770,0.34,0.66,1.0
2025-12-11T04:03:18.708240,0.34,0.66,1.0
2025-12-11T04:03:19.309496,0.345,0.655,1.0
2025-12-11T04:03:19.920612,0.335,0.665,1.0
2025-12-11T04:03:20.530937,0.335,0.665,1.0
2025-12-11T04:03:21.140351,0.3,0.7,1.0
2025-12-11T04:03:21.746751,0.275,0.715,0.99
2025-12-11T04:03:22.357053,0.265,0.735,1.0
2025-12-11T04:03:22.966679,0.275,0.725,1.0
2025-12-11T04:03:23.572715,0.275,0.725,1.0
2025-12-11T04:03:24.186959,0.275,0.73,1.005
2025-12-11T04:03:24.792470,0.265,0.72,0.985
2025-12-11T04:03:25.415535,0.305,0.695,1.0
2025-12-11T04:03:26.030599,0.305,0.695,1.0
2025-12-11T04:03:26.640190,0.3,0.7,1.0
2025-12-11T04:03:27.255185,0.305,0.695,1.0
2025-12-11T04:03:27.865070,0.295,0.705,1.0
2025-12-11T04:03:28.474806,0.295,0.705,1.0
2025-12-11T04:03:29.084527,0.295,0.705,1.0
2025-12-11T04:03:29.688310,0.295,0.705,1.0
2025-12-11T04:03:30.300857,0.295,0.705,1.0
2025-12-11T04:03:30.901605,0.295,0.705,1.0
2025-12-11T04:03:31.515925,0.295,0.705,1.0
2025-12-11T04:03:32.121751,0.295,0.705,1.0
2025-12-11T04:03:32.732394,0.295,0.705,1.0
2025-12-11T04:03:33.392191,0.295,0.715,1.01
2025-12-11T04:03:32.394219,0.285,0.715,1.0
2025-12-11T04:03:33.002132,0.285,0.715,1.0
2025-12-11T04:03:33.620536,0.29,0.71,1.0
2025-12-11T04:03:34.216214,0.295,0.705,1.0
2025-12-11T04:03:34.825860,0.29,0.705,0.9949999999999999
2025-12-11T04:03:35.438935,0.3,0.705,1.005
2025-12-11T04:03:36.047576,0.29,0.71,1.0
2025-12-11T04:03:36.660270,0.295,0.705,1.0
2025-12-11T04:03:37.258468,0.295,0.705,1.0
2025-12-11T04:03:37.865587,0.295,0.705,1.0
2025-12-11T04:03:38.466081,0.29,0.71,1.0
2025-12-11T04:03:39.074895,0.29,0.71,1.0
2025-12-11T04:03:39.685680,0.285,0.715,1.0
2025-12-11T04:03:40.430304,0.275,0.725,1.0
2025-12-11T04:03:41.041500,0.26,0.74,1.0
2025-12-11T04:03:41.650714,0.235,0.765,1.0
2025-12-11T04:03:42.268614,0.235,0.765,1.0
2025-12-11T04:03:42.878304,0.235,0.765,1.0
2025-12-11T04:03:43.482411,0.225,0.775,1.0
2025-12-11T04:03:44.088921,0.225,0.775,1.0
2025-12-11T04:03:44.721626,0.225,0.775,1.0
2025-12-11T04:03:45.327607,0.235,0.765,1.0
2025-12-11T04:03:45.940645,0.235,0.765,1.0
2025-12-11T04:03:46.555668,0.235,0.765,1.0
2025-12-11T04:03:47.162920,0.235,0.765,1.0
2025-12-11T04:03:47.772433,0.235,0.765,1.0
2025-12-11T04:03:48.382800,0.235,0.765,1.0
2025-12-11T04:03:48.994237,0.24,0.76,1.0
2025-12-11T04:03:49.612563,0.235,0.765,1.0
2025-12-11T04:03:50.222746,0.235,0.765,1.0
2025-12-11T04:03:50.828070,0.235,0.765,1.0
2025-12-11T04:03:51.538365,0.235,0.765,1.0
2025-12-11T04:03:52.141259,0.235,0.765,1.0
2025-12-11T04:03:52.755567,0.235,0.765,1.0
2025-12-11T04:03:53.356245,0.235,0.765,1.0
2025-12-11T04:03:53.965823,0.235,0.765,1.0
2025-12-11T04:03:54.574038,0.235,0.765,1.0
2025-12-11T04:03:55.178102,0.235,0.765,1.0
2025-12-11T04:03:55.789985,0.225,0.775,1.0
2025-12-11T04:03:56.399639,0.22,0.78,1.0
2025-12-11T04:03:57.009742,0.205,0.795,1.0
2025-12-11T04:03:57.621273,0.21,0.79,1.0
2025-12-11T04:03:58.244631,0.21,0.79,1.0
2025-12-11T04:03:58.902004,0.21,0.79,1.0
2025-12-11T04:03:59.510539,0.21,0.79,1.0
2025-12-11T04:04:00.121743,0.205,0.795,1.0
2025-12-11T04:04:00.740069,0.195,0.805,1.0
2025-12-11T04:04:01.339938,0.2,0.8,1.0
2025-12-11T04:04:01.951732,0.2,0.8,1.0
2025-12-11T04:04:02.558761,0.2,0.8,1.0
2025-12-11T04:04:03.155814,0.2,0.8,1.0
2025-12-11T04:04:03.765239,0.195,0.805,1.0
2025-12-11T04:04:04.377731,0.185,0.815,1.0
2025-12-11T04:04:03.432187,0.185,0.815,1.0
2025-12-11T04:04:04.056879,0.185,0.815,1.0
2025-12-11T04:04:04.655756,0.18,0.82,1.0
2025-12-11T04:04:05.265803,0.185,0.815,1.0
2025-12-11T04:04:05.873319,0.195,0.815,1.01
2025-12-11T04:04:06.484379,0.185,0.815,1.0
2025-12-11T04:04:07.097441,0.18,0.825,1.005
2025-12-11T04:04:07.693783,0.19,0.81,1.0
2025-12-11T04:04:08.300172,0.18,0.82,1.0
2025-12-11T04:04:08.910196,0.185,0.815,1.0
2025-12-11T04:04:09.533868,0.185,0.815,1.0
2025-12-11T04:04:10.386834,0.175,0.825,1.0
2025-12-11T04:04:10.998869,0.175,0.82,0.9949999999999999
2025-12-11T04:04:11.609279,0.18,0.82,1.0
2025-12-11T04:04:12.203623,0.175,0.825,1.0
2025-12-11T04:04:12.805910,0.17,0.83,1.0
2025-12-11T04:04:13.416491,0.185,0.815,1.0
2025-12-11T04:04:14.026243,0.17,0.83,1.0
2025-12-11T04:04:14.636475,0.175,0.825,1.0
2025-12-11T04:04:15.258529,0.17,0.835,1.005
2025-12-11T04:04:15.868904,0.155,0.845,1.0
2025-12-11T04:04:16.472939,0.16,0.84,1.0
2025-12-11T04:04:17.086016,0.155,0.84,0.995
2025-12-11T04:04:17.690450,0.165,0.835,1.0
2025-12-11T04:04:18.301501,0.175,0.815,0.99
2025-12-11T04:04:18.902291,0.19,0.805,0.9950000000000001
2025-12-11T04:04:19.503089,0.2,0.8,1.0
2025-12-11T04:04:20.120116,0.205,0.795,1.0
2025-12-11T04:04:20.722520,0.195,0.805,1.0
2025-12-11T04:04:21.324419,0.195,0.805,1.0
2025-12-11T04:04:21.924990,0.195,0.805,1.0
2025-12-11T04:04:22.522115,0.205,0.795,1.0
2025-12-11T04:04:23.133601,0.205,0.795,1.0
2025-12-11T04:04:23.741173,0.205,0.795,1.0
2025-12-11T04:04:24.351661,0.185,0.82,1.005
2025-12-11T04:04:24.950291,0.18,0.82,1.0
2025-12-11T04:04:25.547956,0.185,0.815,1.0
2025-12-11T04:04:26.164612,0.175,0.825,1.0
2025-12-11T04:04:26.758410,0.175,0.825,1.0
2025-12-11T04:04:27.392393,0.175,0.825,1.0
2025-12-11T04:04:28.009270,0.18,0.815,0.9949999999999999
2025-12-11T04:04:28.607878,0.18,0.82,1.0
2025-12-11T04:04:29.219207,0.175,0.825,1.0
2025-12-11T04:04:29.924610,0.175,0.825,1.0
2025-12-11T04:04:30.528335,0.165,0.835,1.0
2025-12-11T04:04:31.132877,0.165,0.835,1.0
2025-12-11T04:04:31.727844,0.165,0.835,1.0
2025-12-11T04:04:32.341246,0.17,0.83,1.0
2025-12-11T04:04:33.214053,0.175,0.825,1.0
2025-12-11T04:04:33.815208,0.19,0.82,1.01
2025-12-11T04:04:34.421030,0.175,0.825,1.0
2025-12-11T04:04:35.016685,0.175,0.825,1.0
2025-12-11T04:04:34.038674,0.175,0.825,1.0
2025-12-11T04:04:34.642350,0.175,0.825,1.0
2025-12-11T04:04:35.237071,0.18,0.82,1.0
2025-12-11T04:04:35.837767,0.18,0.82,1.0
2025-12-11T04:04:36.465114,0.18,0.82,1.0
2025-12-11T04:04:37.074413,0.18,0.82,1.0
2025-12-11T04:04:37.671466,0.18,0.82,1.0
2025-12-11T04:04:38.271425,0.18,0.82,1.0
2025-12-11T04:04:38.875258,0.18,0.82,1.0
2025-12-11T04:04:39.472934,0.175,0.825,1.0
2025-12-11T04:04:40.082352,0.175,0.825,1.0
2025-12-11T04:04:40.678628,0.175,0.825,1.0
2025-12-11T04:04:41.285981,0.175,0.825,1.0
2025-12-11T04:04:41.886035,0.175,0.825,1.0
2025-12-11T04:04:42.485200,0.175,0.825,1.0
2025-12-11T04:04:43.094106,0.175,0.835,1.01
2025-12-11T04:04:43.705317,0.17,0.83,1.0
2025-12-11T04:04:44.300566,0.17,0.83,1.0
2025-12-11T04:04:44.912779,0.165,0.835,1.0
2025-12-11T04:04:45.519294,0.175,0.82,0.9949999999999999
2025-12-11T04:04:46.120839,0.18,0.82,1.0
2025-12-11T04:04:46.730801,0.185,0.815,1.0
2025-12-11T04:04:47.344767,0.195,0.805,1.0
2025-12-11T04:04:47.942423,0.2,0.795,0.9950000000000001
2025-12-11T04:04:48.543107,0.205,0.795,1.0
2025-12-11T04:04:49.150063,0.225,0.775,1.0
2025-12-11T04:04:49.757865,0.22,0.78,1.0
2025-12-11T04:04:50.359218,0.2,0.81,1.01
2025-12-11T04:04:50.993187,0.195,0.805,1.0
2025-12-11T04:04:51.610817,0.19,0.81,1.0
2025-12-11T04:04:52.213506,0.2,0.8,1.0
2025-12-11T04:04:52.823827,0.2,0.8,1.0
2025-12-11T04:04:53.428026,0.195,0.805,1.0
2025-12-11T04:04:54.038222,0.195,0.805,1.0
2025-12-11T04:04:54.649807,0.2,0.8,1.0
2025-12-11T04:04:55.262553,0.2,0.8,1.0
2025-12-11T04:04:55.879473,0.2,0.8,1.0
2025-12-11T04:04:56.480605,0.2,0.8,1.0
2025-12-11T04:04:57.088807,0.205,0.795,1.0
2025-12-11T04:04:57.697403,0.205,0.795,1.0
2025-12-11T04:04:58.303583,0.205,0.795,1.0
2025-12-11T04:04:58.912768,0.2,0.8,1.0
2025-12-11T04:04:59.518856,0.2,0.8,1.0
2025-12-11T04:05:00.117051,0.205,0.79,0.995
2025-12-11T04:05:00.725750,0.215,0.785,1.0
2025-12-11T04:05:01.322378,0.215,0.785,1.0
2025-12-11T04:05:01.942377,0.215,0.785,1.0
2025-12-11T04:05:02.541728,0.215,0.785,1.0
2025-12-11T04:05:03.152544,0.225,0.775,1.0
2025-12-11T04:05:03.766663,0.245,0.755,1.0
2025-12-11T04:05:04.374686,0.27,0.74,1.01
2025-12-11T04:05:04.989907,0.245,0.755,1.0
2025-12-11T04:05:05.601219,0.245,0.755,1.0
2025-12-11T04:05:04.621324,0.23,0.77,1.0
2025-12-11T04:05:05.246391,0.235,0.765,1.0
2025-12-11T04:05:05.864540,0.235,0.77,1.005
2025-12-11T04:05:06.465451,0.23,0.775,1.0050000000000001
2025-12-11T04:05:07.077409,0.225,0.775,1.0
2025-12-11T04:05:07.704757,0.24,0.76,1.0
2025-12-11T04:05:08.305094,0.235,0.765,1.0
2025-12-11T04:05:08.912360,0.235,0.765,1.0
2025-12-11T04:05:09.519342,0.235,0.765,1.0
2025-12-11T04:05:10.119110,0.245,0.755,1.0
2025-12-11T04:05:10.729753,0.245,0.755,1.0
2025-12-11T04:05:11.339858,0.245,0.755,1.0
2025-12-11T04:05:11.934260,0.245,0.755,1.0
2025-12-11T04:05:12.533852,0.24,0.76,1.0
2025-12-11T04:05:13.144127,0.215,0.785,1.0
2025-12-11T04:05:13.766396,0.19,0.81,1.0
2025-12-11T04:05:14.382124,0.19,0.81,1.0
2025-12-11T04:05:14.986502,0.19,0.81,1.0
2025-12-11T04:05:15.581110,0.19,0.81,1.0
2025-12-11T04:05:16.240271,0.19,0.81,1.0
2025-12-11T04:05:16.845195,0.19,0.805,0.9950000000000001
2025-12-11T04:05:17.463829,0.195,0.805,1.0
2025-12-11T04:05:18.059400,0.205,0.795,1.0
2025-12-11T04:05:18.661749,0.195,0.805,1.0
2025-12-11T04:05:19.266284,0.195,0.805,1.0
2025-12-11T04:05:19.881568,0.195,0.805,1.0
2025-12-11T04:05:20.501831,0.195,0.805,1.0
2025-12-11T04:05:21.104838,0.195,0.805,1.0
2025-12-11T04:05:21.763550,0.195,0.805,1.0
2025-12-11T04:05:22.375315,0.195,0.805,1.0
2025-12-11T04:05:22.984038,0.19,0.81,1.0
2025-12-11T04:05:23.603950,0.185,0.815,1.0
2025-12-11T04:05:24.204332,0.18,0.82,1.0
2025-12-11T04:05:24.806791,0.18,0.82,1.0
2025-12-11T04:05:25.415761,0.18,0.82,1.0
2025-12-11T04:05:26.012737,0.18,0.82,1.0
2025-12-11T04:05:26.619958,0.185,0.815,1.0
2025-12-11T04:05:27.232919,0.185,0.815,1.0
2025-12-11T04:05:27.827491,0.18,0.82,1.0
2025-12-11T04:05:28.442435,0.18,0.82,1.0
2025-12-11T04:05:29.050656,0.175,0.825,1.0
2025-12-11T04:05:29.660324,0.175,0.825,1.0
2025-12-11T04:05:30.332823,0.175,0.825,1.0
2025-12-11T04:05:30.932906,0.175,0.825,1.0
2025-12-11T04:05:31.533057,0.175,0.825,1.0
2025-12-11T04:05:32.142719,0.175,0.825,1.0
2025-12-11T04:05:32.755619,0.175,0.825,1.0
2025-12-11T04:05:33.374305,0.175,0.825,1.0
2025-12-11T04:05:33.988957,0.175,0.825,1.0
2025-12-11T04:05:34.591479,0.185,0.815,1.0
2025-12-11T04:05:35.199711,0.18,0.82,1.0
2025-12-11T04:05:35.807961,0.175,0.825,1.0
2025-12-11T04:05:36.409426,0.175,0.825,1.0
2025-12-11T04:05:35.444930,0.175,0.825,1.0
2025-12-11T04:05:36.041453,0.17,0.83,1.0
2025-12-11T04:05:36.643096,0.17,0.83,1.0
2025-12-11T04:05:37.251998,0.17,0.83,1.0
2025-12-11T04:05:37.860353,0.17,0.83,1.0
2025-12-11T04:05:38.471148,0.18,0.82,1.0
2025-12-11T04:05:39.076274,0.175,0.825,1.0
2025-12-11T04:05:39.679433,0.185,0.815,1.0
2025-12-11T04:05:40.285950,0.185,0.815,1.0
2025-12-11T04:05:40.904414,0.185,0.815,1.0
2025-12-11T04:05:41.512754,0.175,0.825,1.0
2025-12-11T04:05:42.123625,0.185,0.815,1.0
2025-12-11T04:05:42.731798,0.18,0.82,1.0
2025-12-11T04:05:43.343655,0.18,0.82,1.0
2025-12-11T04:05:43.960292,0.18,0.82,1.0
2025-12-11T04:05:44.569014,0.18,0.82,1.0
2025-12-11T04:05:45.176942,0.18,0.82,1.0
2025-12-11T04:05:45.770803,0.15,0.85,1.0
2025-12-11T04:05:46.391331,0.155,0.835,0.99
2025-12-11T04:05:46.999087,0.17,0.83,1.0
2025-12-11T04:05:47.617427,0.165,0.835,1.0
2025-12-11T04:05:48.228470,0.165,0.835,1.0
2025-12-11T04:05:48.837505,0.18,0.82,1.0
2025-12-11T04:05:49.441589,0.175,0.825,1.0
2025-12-11T04:05:50.056883,0.175,0.825,1.0
2025-12-11T04:05:50.664760,0.175,0.825,1.0
2025-12-11T04:05:51.267547,0.175,0.825,1.0
2025-12-11T04:05:51.874273,0.175,0.825,1.0
2025-12-11T04:05:52.488602,0.18,0.82,1.0
2025-12-11T04:05:53.100556,0.185,0.815,1.0
2025-12-11T04:05:53.711460,0.195,0.805,1.0
2025-12-11T04:05:54.319901,0.195,0.805,1.0
2025-12-11T04:05:54.924531,0.195,0.805,1.0
2025-12-11T04:05:55.532850,0.195,0.805,1.0
2025-12-11T04:05:56.143999,0.195,0.805,1.0
2025-12-11T04:05:56.819766,0.195,0.805,1.0
2025-12-11T04:05:57.430156,0.195,0.805,1.0
2025-12-11T04:05:58.042908,0.19,0.815,1.005
2025-12-11T04:05:58.636016,0.18,0.82,1.0
2025-12-11T04:05:59.239251,0.175,0.82,0.9949999999999999
2025-12-11T04:05:59.836087,0.18,0.82,1.0
2025-12-11T04:06:00.445467,0.185,0.815,1.0
2025-12-11T04:06:01.055005,0.185,0.815,1.0
2025-12-11T04:06:01.670801,0.175,0.825,1.0
2025-12-11T04:06:02.283441,0.175,0.825,1.0
2025-12-11T04:06:02.882921,0.175,0.825,1.0
2025-12-11T04:06:03.488705,0.175,0.82,0.9949999999999999
2025-12-11T04:06:04.094127,0.18,0.82,1.0
2025-12-11T04:06:04.705315,0.195,0.805,1.0
2025-12-11T04:06:05.316473,0.2,0.8,1.0
2025-12-11T04:06:05.918799,0.215,0.785,1.0
2025-12-11T04:06:06.524407,0.215,0.785,1.0
2025-12-11T04:06:07.124577,0.225,0.775,1.0
2025-12-11T04:06:06.146094,0.225,0.775,1.0
2025-12-11T04:06:06.755787,0.225,0.775,1.0
2025-12-11T04:06:07.370246,0.225,0.775,1.0
2025-12-11T04:06:07.971359,0.235,0.765,1.0
2025-12-11T04:06:08.592652,0.235,0.765,1.0
2025-12-11T04:06:09.268848,0.235,0.765,1.0
2025-12-11T04:06:09.878516,0.205,0.795,1.0
2025-12-11T04:06:10.482559,0.21,0.79,1.0
2025-12-11T04:06:11.083639,0.22,0.78,1.0
2025-12-11T04:06:11.697528,0.22,0.78,1.0
2025-12-11T04:06:12.319751,0.22,0.78,1.0
2025-12-11T04:06:12.927438,0.22,0.78,1.0
2025-12-11T04:06:13.539304,0.225,0.775,1.0
2025-12-11T04:06:14.148851,0.225,0.775,1.0
2025-12-11T04:06:14.753471,0.235,0.765,1.0
2025-12-11T04:06:15.361373,0.235,0.765,1.0
2025-12-11T04:06:15.968582,0.235,0.755,0.99
2025-12-11T04:06:16.581829,0.245,0.755,1.0
2025-12-11T04:06:17.176533,0.245,0.755,1.0
2025-12-11T04:06:17.777738,0.245,0.755,1.0
2025-12-11T04:06:18.376285,0.245,0.755,1.0
2025-12-11T04:06:19.003797,0.245,0.755,1.0
2025-12-11T04:06:19.625249,0.22,0.78,1.0
2025-12-11T04:06:20.233711,0.215,0.785,1.0
2025-12-11T04:06:20.829998,0.215,0.785,1.0
2025-12-11T04:06:21.427272,0.23,0.77,1.0
2025-12-11T04:06:22.025187,0.255,0.75,1.005
2025-12-11T04:06:22.637405,0.295,0.705,1.0
2025-12-11T04:06:23.244310,0.305,0.695,1.0
2025-12-11T04:06:23.855711,0.31,0.69,1.0
2025-12-11T04:06:24.468116,0.305,0.695,1.0
2025-12-11T04:06:25.098686,0.305,0.695,1.0
2025-12-11T04:06:25.713375,0.305,0.69,0.9949999999999999
2025-12-11T04:06:26.328284,0.31,0.69,1.0
2025-12-11T04:06:26.942188,0.315,0.685,1.0
2025-12-11T04:06:27.550541,0.315,0.685,1.0
2025-12-11T04:06:28.164566,0.315,0.685,1.0
2025-12-11T04:06:28.774730,0.305,0.695,1.0
2025-12-11T04:06:29.383843,0.31,0.69,1.0
2025-12-11T04:06:29.992513,0.325,0.675,1.0
2025-12-11T04:06:30.605414,0.32,0.68,1.0
2025-12-11T04:06:31.221423,0.315,0.685,1.0
2025-12-11T04:06:31.830990,0.315,0.685,1.0
2025-12-11T04:06:32.443511,0.315,0.685,1.0
2025-12-11T04:06:33.053344,0.315,0.685,1.0
2025-12-11T04:06:33.653303,0.315,0.685,1.0
2025-12-11T04:06:34.296459,0.325,0.675,1.0
2025-12-11T04:06:34.903505,0.325,0.675,1.0
2025-12-11T04:06:35.517034,0.335,0.665,1.0
2025-12-11T04:06:36.129494,0.355,0.645,1.0
2025-12-11T04:06:36.737410,0.345,0.655,1.0
2025-12-11T04:06:37.352363,0.335,0.665,1.0
2025-12-11T04:06:36.352098,0.325,0.675,1.0
2025-12-11T04:06:36.961904,0.325,0.675,1.0
2025-12-11T04:06:37.569974,0.33,0.67,1.0
2025-12-11T04:06:38.178345,0.33,0.665,0.9950000000000001
2025-12-11T04:06:38.785758,0.335,0.665,1.0
2025-12-11T04:06:39.381028,0.34,0.66,1.0
2025-12-11T04:06:39.986541,0.365,0.635,1.0
2025-12-11T04:06:40.591577,0.35,0.655,1.005
2025-12-11T04:06:41.199001,0.345,0.655,1.0
2025-12-11T04:06:41.809084,0.35,0.65,1.0
2025-12-11T04:06:42.414689,0.35,0.65,1.0
2025-12-11T04:06:43.013681,0.345,0.655,1.0
2025-12-11T04:06:43.619151,0.345,0.655,1.0
2025-12-11T04:06:44.222391,0.335,0.665,1.0
2025-12-11T04:06:44.836515,0.315,0.685,1.0
2025-12-11T04:06:45.439942,0.315,0.685,1.0
2025-12-11T04:06:46.048777,0.315,0.685,1.0
2025-12-11T04:06:46.645625,0.31,0.69,1.0
2025-12-11T04:06:47.245178,0.3,0.705,1.005
2025-12-11T04:06:47.852827,0.295,0.7,0.9949999999999999
2025-12-11T04:06:48.457613,0.285,0.715,1.0
2025-12-11T04:06:49.062667,0.255,0.745,1.0
2025-12-11T04:06:49.669287,0.255,0.745,1.0
2025-12-11T04:06:50.278706,0.255,0.745,1.0
2025-12-11T04:06:50.884366,0.26,0.74,1.0
2025-12-11T04:06:51.488546,0.26,0.74,1.0
2025-12-11T04:06:52.092115,0.25,0.75,1.0
2025-12-11T04:06:52.703584,0.245,0.755,1.0
2025-12-11T04:06:53.315133,0.235,0.765,1.0
2025-12-11T04:06:53.917890,0.225,0.775,1.0
2025-12-11T04:06:54.524483,0.22,0.78,1.0
2025-12-11T04:06:55.145537,0.225,0.775,1.0
2025-12-11T04:06:55.759542,0.225,0.775,1.0
2025-12-11T04:06:56.369283,0.22,0.78,1.0
2025-12-11T04:06:56.985130,0.22,0.78,1.0
2025-12-11T04:06:57.593222,0.215,0.785,1.0
2025-12-11T04:06:58.203129,0.215,0.785,1.0
2025-12-11T04:06:58.814105,0.215,0.785,1.0
2025-12-11T04:06:59.428206,0.215,0.785,1.0
2025-12-11T04:07:00.038517,0.215,0.785,1.0
2025-12-11T04:07:00.640081,0.215,0.785,1.0
2025-12-11T04:07:01.240083,0.215,0.785,1.0
2025-12-11T04:07:01.848102,0.215,0.785,1.0
2025-12-11T04:07:02.458002,0.215,0.785,1.0
2025-12-11T04:07:03.067185,0.205,0.795,1.0
2025-12-11T04:07:03.675275,0.165,0.835,1.0
2025-12-11T04:07:04.274507,0.165,0.835,1.0
2025-12-11T04:07:04.878905,0.165,0.835,1.0
2025-12-11T04:07:05.479966,0.165,0.835,1.0
2025-12-11T04:07:06.072865,0.155,0.845,1.0
2025-12-11T04:07:06.678731,0.145,0.855,1.0
2025-12-11T04:07:07.289710,0.135,0.865,1.0
2025-12-11T04:07:07.889320,0.135,0.865,1.0
2025-12-11T04:07:06.876933,0.125,0.875,1.0
2025-12-11T04:07:07.485375,0.125,0.875,1.0
2025-12-11T04:07:08.087077,0.135,0.865,1.0
2025-12-11T04:07:08.700641,0.135,0.865,1.0
2025-12-11T04:07:09.306238,0.135,0.865,1.0
2025-12-11T04:07:09.905468,0.135,0.865,1.0
2025-12-11T04:07:10.510111,0.135,0.865,1.0
2025-12-11T04:07:11.116940,0.135,0.865,1.0
2025-12-11T04:07:11.726382,0.135,0.865,1.0
2025-12-11T04:07:12.333487,0.135,0.865,1.0
2025-12-11T04:07:12.943542,0.135,0.865,1.0
2025-12-11T04:07:13.567854,0.135,0.865,1.0
2025-12-11T04:07:14.166006,0.135,0.865,1.0
2025-12-11T04:07:14.773391,0.135,0.865,1.0
2025-12-11T04:07:15.379314,0.125,0.875,1.0
2025-12-11T04:07:15.988455,0.125,0.875,1.0
2025-12-11T04:07:16.600080,0.125,0.875,1.0
2025-12-11T04:07:17.205165,0.125,0.875,1.0
2025-12-11T04:07:17.818215,0.125,0.875,1.0
2025-12-11T04:07:18.420587,0.125,0.875,1.0
2025-12-11T04:07:19.064307,0.125,0.875,1.0
2025-12-11T04:07:19.662059,0.135,0.865,1.0
2025-12-11T04:07:20.271426,0.135,0.865,1.0
2025-12-11T04:07:20.879350,0.14,0.86,1.0
2025-12-11T04:07:21.487172,0.145,0.855,1.0
2025-12-11T04:07:22.097557,0.145,0.855,1.0
2025-12-11T04:07:22.715505,0.145,0.855,1.0
2025-12-11T04:07:23.332629,0.145,0.855,1.0
2025-12-11T04:07:23.943666,0.145,0.855,1.0
2025-12-11T04:07:24.539964,0.135,0.865,1.0
2025-12-11T04:07:25.159969,0.135,0.865,1.0
2025-12-11T04:07:25.772464,0.135,0.865,1.0
2025-12-11T04:07:26.380751,0.125,0.875,1.0
2025-12-11T04:07:26.996523,0.125,0.875,1.0
2025-12-11T04:07:27.642544,0.125,0.875,1.0
2025-12-11T04:07:28.260646,0.12,0.885,1.005
2025-12-11T04:07:28.871159,0.105,0.895,1.0
2025-12-11T04:07:29.479724,0.095,0.905,1.0
2025-12-11T04:07:30.089789,0.095,0.905,1.0
2025-12-11T04:07:30.709531,0.095,0.905,1.0
2025-12-11T04:07:31.324922,0.105,0.9,1.0050000000000001
2025-12-11T04:07:31.928884,0.085,0.915,1.0
2025-12-11T04:07:32.526316,0.085,0.915,1.0
2025-12-11T04:07:33.127380,0.09,0.91,1.0
2025-12-11T04:07:33.740010,0.085,0.915,1.0
2025-12-11T04:07:34.351494,0.085,0.915,1.0
2025-12-11T04:07:34.951467,0.09,0.91,1.0
2025-12-11T04:07:35.554039,0.095,0.905,1.0
2025-12-11T04:07:36.160934,0.095,0.905,1.0
2025-12-11T04:07:36.761198,0.095,0.905,1.0
2025-12-11T04:07:37.364268,0.095,0.905,1.0
2025-12-11T04:07:37.977916,0.095,0.905,1.0
2025-12-11T04:07:38.587119,0.095,0.905,1.0
2025-12-11T04:07:37.613038,0.095,0.905,1.0
2025-12-11T04:07:38.225283,0.095,0.905,1.0
2025-12-11T04:07:38.832589,0.095,0.905,1.0
2025-12-11T04:07:39.444342,0.095,0.905,1.0
2025-12-11T04:07:40.039274,0.105,0.895,1.0
2025-12-11T04:07:40.630346,0.105,0.895,1.0
2025-12-11T04:07:41.225682,0.095,0.905,1.0
2025-12-11T04:07:41.826512,0.095,0.905,1.0
2025-12-11T04:07:42.439888,0.09,0.91,1.0
2025-12-11T04:07:43.058104,0.095,0.905,1.0
2025-12-11T04:07:43.654875,0.095,0.905,1.0
2025-12-11T04:07:44.247790,0.095,0.905,1.0
2025-12-11T04:07:44.844321,0.095,0.905,1.0
2025-12-11T04:07:45.453131,0.095,0.905,1.0
2025-12-11T04:07:46.051117,0.095,0.905,1.0
2025-12-11T04:07:46.644259,0.085,0.915,1.0
2025-12-11T04:07:47.249822,0.085,0.915,1.0
2025-12-11T04:07:47.864403,0.095,0.905,1.0
2025-12-11T04:07:48.462520,0.085,0.915,1.0
2025-12-11T04:07:49.065056,0.075,0.925,1.0
2025-12-11T04:07:49.667770,0.075,0.925,1.0
2025-12-11T04:07:50.270205,0.075,0.915,0.99
2025-12-11T04:07:50.876209,0.085,0.915,1.0
2025-12-11T04:07:51.483651,0.075,0.925,1.0
2025-12-11T04:07:52.082826,0.075,0.925,1.0
2025-12-11T04:07:52.686288,0.085,0.915,1.0
2025-12-11T04:07:53.300640,0.095,0.905,1.0
2025-12-11T04:07:53.909206,0.115,0.885,1.0
2025-12-11T04:07:54.514202,0.13,0.865,0.995
2025-12-11T04:07:55.112985,0.135,0.865,1.0
2025-12-11T04:07:55.717911,0.135,0.865,1.0
2025-12-11T04:07:56.320113,0.145,0.855,1.0
2025-12-11T04:07:56.923235,0.165,0.835,1.0
2025-12-11T04:07:57.519283,0.165,0.835,1.0
2025-12-11T04:07:58.125327,0.145,0.855,1.0
2025-12-11T04:07:58.729687,0.145,0.855,1.0
2025-12-11T04:07:59.335429,0.145,0.855,1.0
2025-12-11T04:07:59.939972,0.135,0.865,1.0
2025-12-11T04:08:00.563978,0.135,0.865,1.0
2025-12-11T04:08:01.164293,0.13,0.87,1.0
2025-12-11T04:08:01.759400,0.125,0.875,1.0
2025-12-11T04:08:02.366446,0.115,0.885,1.0
2025-12-11T04:08:02.978605,0.115,0.84,0.955
2025-12-11T04:08:03.582715,0.105,0.895,1.0
2025-12-11T04:08:04.182353,0.105,0.895,1.0
2025-12-11T04:08:04.779439,0.105,0.895,1.0
2025-12-11T04:08:05.384655,0.105,0.895,1.0
2025-12-11T04:08:05.987060,0.105,0.895,1.0
2025-12-11T04:08:06.591809,0.105,0.9,1.0050000000000001
2025-12-11T04:08:07.200140,0.095,0.905,1.0
2025-12-11T04:08:07.825109,0.105,0.895,1.0
2025-12-11T04:08:08.427339,0.105,0.895,1.0
2025-12-11T04:08:09.030614,0.1,0.9,1.0
2025-12-11T04:08:09.628578,0.1,0.9,1.0
2025-12-11T04:08:08.659119,0.09,0.91,1.0
2025-12-11T04:08:09.255588,0.085,0.915,1.0
2025-12-11T04:08:09.859201,0.085,0.915,1.0
2025-12-11T04:08:10.456227,0.075,0.925,1.0
2025-12-11T04:08:11.054495,0.065,0.935,1.0
2025-12-11T04:08:11.657408,0.07,0.93,1.0
2025-12-11T04:08:12.264044,0.07,0.93,1.0
2025-12-11T04:08:12.868229,0.07,0.93,1.0
2025-12-11T04:08:13.461440,0.08,0.92,1.0
2025-12-11T04:08:14.067865,0.075,0.925,1.0
2025-12-11T04:08:14.676607,0.08,0.92,1.0
2025-12-11T04:08:15.278798,0.085,0.915,1.0
2025-12-11T04:08:15.882513,0.09,0.91,1.0
2025-12-11T04:08:16.490374,0.085,0.915,1.0
2025-12-11T04:08:17.096184,0.085,0.915,1.0
2025-12-11T04:08:17.689228,0.09,0.91,1.0
2025-12-11T04:08:18.282653,0.085,0.915,1.0
2025-12-11T04:08:18.904276,0.085,0.915,1.0
2025-12-11T04:08:19.506126,0.095,0.905,1.0
2025-12-11T04:08:20.112789,0.095,0.905,1.0
2025-12-11T04:08:20.712380,0.095,0.905,1.0
2025-12-11T04:08:21.308447,0.095,0.905,1.0
2025-12-11T04:08:21.904685,0.085,0.915,1.0
2025-12-11T04:08:22.505161,0.085,0.915,1.0
2025-12-11T04:08:23.098075,0.09,0.91,1.0
2025-12-11T04:08:23.702846,0.09,0.91,1.0
2025-12-11T04:08:24.317884,0.09,0.91,1.0
2025-12-11T04:08:24.924927,0.09,0.91,1.0
2025-12-11T04:08:25.522728,0.085,0.915,1.0
2025-12-11T04:08:26.119313,0.085,0.915,1.0
2025-12-11T04:08:26.731524,0.085,0.915,1.0
2025-12-11T04:08:27.335050,0.065,0.935,1.0
2025-12-11T04:08:27.937308,0.085,0.915,1.0
2025-12-11T04:08:28.535396,0.085,0.915,1.0
2025-12-11T04:08:29.132581,0.085,0.915,1.0
2025-12-11T04:08:29.735779,0.095,0.905,1.0
2025-12-11T04:08:30.333302,0.095,0.905,1.0
2025-12-11T04:08:30.978837,0.095,0.905,1.0
2025-12-11T04:08:31.573256,0.095,0.915,1.01
2025-12-11T04:08:32.173711,0.085,0.915,1.0
2025-12-11T04:08:32.777879,0.085,0.915,1.0
2025-12-11T04:08:33.400036,0.085,0.915,1.0
2025-12-11T04:08:34.018019,0.085,0.915,1.0
2025-12-11T04:08:34.616225,0.085,0.915,1.0
2025-12-11T04:08:35.217984,0.085,0.915,1.0
2025-12-11T04:08:35.819160,0.085,0.915,1.0
2025-12-11T04:08:36.417228,0.085,0.915,1.0
2025-12-11T04:08:37.061665,0.085,0.915,1.0
2025-12-11T04:08:37.662836,0.085,0.915,1.0
2025-12-11T04:08:38.261629,0.085,0.915,1.0
2025-12-11T04:08:38.854632,0.085,0.915,1.0
2025-12-11T04:08:39.457704,0.075,0.925,1.0
2025-12-11T04:08:40.059814,0.075,0.925,1.0
2025-12-11T04:08:39.066114,0.075,0.925,1.0
2025-12-11T04:08:39.668630,0.075,0.925,1.0
2025-12-11T04:08:40.290767,0.075,0.925,1.0
2025-12-11T04:08:40.920422,0.075,0.925,1.0
2025-12-11T04:08:41.516043,0.075,0.925,1.0
2025-12-11T04:08:42.121995,0.065,0.935,1.0
2025-12-11T04:08:42.716378,0.065,0.935,1.0
2025-12-11T04:08:43.323231,0.065,0.935,1.0
2025-12-11T04:08:43.927108,0.065,0.94,1.005
2025-12-11T04:08:44.522270,0.065,0.935,1.0
2025-12-11T04:08:45.126110,0.065,0.935,1.0
2025-12-11T04:08:45.718294,0.065,0.935,1.0
2025-12-11T04:08:46.319321,0.055,0.945,1.0
2025-12-11T04:08:46.946967,0.055,0.945,1.0
2025-12-11T04:08:47.555254,0.055,0.945,1.0
2025-12-11T04:08:48.151388,0.045,0.955,1.0
2025-12-11T04:08:48.743845,0.045,0.955,1.0
2025-12-11T04:08:49.356785,0.045,0.955,1.0
2025-12-11T04:08:49.959381,0.055,0.945,1.0
2025-12-11T04:08:50.562498,0.055,0.945,1.0
2025-12-11T04:08:51.170150,0.055,0.945,1.0
2025-12-11T04:08:51.771579,0.065,0.935,1.0
2025-12-11T04:08:52.369598,0.065,0.935,1.0
2025-12-11T04:08:52.963845,0.065,0.935,1.0
2025-12-11T04:08:53.581741,0.065,0.935,1.0
2025-12-11T04:08:54.173431,0.065,0.935,1.0
2025-12-11T04:08:54.771442,0.065,0.935,1.0
2025-12-11T04:08:55.372789,0.065,0.935,1.0
2025-12-11T04:08:55.983494,0.065,0.935,1.0
2025-12-11T04:08:56.586082,0.055,0.945,1.0
2025-12-11T04:08:57.187176,0.055,0.945,1.0
2025-12-11T04:08:57.782391,0.055,0.945,1.0
2025-12-11T04:08:58.382643,0.055,0.945,1.0
2025-12-11T04:08:58.976926,0.055,0.945,1.0
2025-12-11T04:08:59.575843,0.055,0.945,1.0
2025-12-11T04:09:00.171980,0.055,0.945,1.0
2025-12-11T04:09:00.765146,0.055,0.95,1.005
2025-12-11T04:09:01.372219,0.045,0.955,1.0
2025-12-11T04:09:01.975773,0.045,0.955,1.0
2025-12-11T04:09:02.582271,0.045,0.955,1.0
2025-12-11T04:09:03.191024,0.035,0.965,1.0
2025-12-11T04:09:03.786993,0.04,0.96,1.0
2025-12-11T04:09:04.391647,0.045,0.955,1.0
2025-12-11T04:09:04.993889,0.045,0.975,1.02
2025-12-11T04:09:05.587676,0.025,0.96,0.985
2025-12-11T04:09:06.205306,0.06,0.94,1.0
2025-12-11T04:09:06.822774,0.045,0.955,1.0
2025-12-11T04:09:07.428429,0.045,0.955,1.0
2025-12-11T04:09:08.040725,0.04,0.96,1.0
2025-12-11T04:09:08.635968,0.035,0.965,1.0
2025-12-11T04:09:09.249877,0.035,0.965,1.0
2025-12-11T04:09:09.851334,0.035,0.965,1.0
2025-12-11T04:09:10.466070,0.035,0.965,1.0
2025-12-11T04:09:11.075221,0.035,0.965,1.0
2025-12-11T04:09:10.091007,0.04,0.965,1.005
2025-12-11T04:09:10.702148,0.04,0.97,1.01
2025-12-11T04:09:11.312534,0.015,0.985,1.0
2025-12-11T04:09:11.925526,0.025,0.98,1.005
2025-12-11T04:09:12.535172,0.025,0.975,1.0
2025-12-11T04:09:13.141046,0.035,0.965,1.0
2025-12-11T04:09:13.755057,0.035,0.965,1.0
2025-12-11T04:09:14.361736,0.015,0.985,1.0
2025-12-11T04:09:14.971757,0.02,0.98,1.0
2025-12-11T04:09:15.574068,0.025,0.975,1.0
2025-12-11T04:09:16.173809,0.03,0.97,1.0
2025-12-11T04:09:16.783605,0.035,0.965,1.0
2025-12-11T04:09:17.377474,0.045,0.955,1.0
2025-12-11T04:09:17.977387,0.045,0.955,1.0
2025-12-11T04:09:18.595172,0.045,0.955,1.0
2025-12-11T04:09:19.204228,0.045,0.955,1.0
2025-12-11T04:09:19.802125,0.035,0.965,1.0
2025-12-11T04:09:20.412579,0.035,0.965,1.0
2025-12-11T04:09:21.030690,0.035,0.965,1.0
2025-12-11T04:09:21.643783,0.035,0.97,1.005
2025-12-11T04:09:22.250808,0.025,0.975,1.0
2025-12-11T04:09:22.865622,0.015,0.985,1.0
2025-12-11T04:09:23.474546,0.015,0.985,1.0
2025-12-11T04:09:24.091630,0.025,0.975,1.0
2025-12-11T04:09:24.700822,0.02,0.98,1.0
2025-12-11T04:09:25.312131,0.015,0.985,1.0
2025-12-11T04:09:25.913653,0.025,0.975,1.0
2025-12-11T04:09:26.527009,0.02,0.98,1.0
2025-12-11T04:09:27.138151,0.035,0.965,1.0
2025-12-11T04:09:27.749871,0.035,0.965,1.0
2025-12-11T04:09:28.358898,0.025,0.975,1.0
2025-12-11T04:09:28.966085,0.03,0.97,1.0
2025-12-11T04:09:29.578271,0.035,0.965,1.0
2025-12-11T04:09:30.185342,0.035,0.965,1.0
2025-12-11T04:09:30.800885,0.03,0.97,1.0
2025-12-11T04:09:31.413723,0.025,0.975,1.0
2025-12-11T04:09:32.018191,0.025,0.975,1.0
2025-12-11T04:09:32.682239,0.025,0.975,1.0
2025-12-11T04:09:33.296384,0.03,0.97,1.0
2025-12-11T04:09:33.909568,0.035,0.965,1.0
2025-12-11T04:09:34.520956,0.035,0.965,1.0
2025-12-11T04:09:35.146297,0.045,0.955,1.0
2025-12-11T04:09:35.766866,0.04,0.955,0.995
2025-12-11T04:09:36.370224,0.045,0.955,1.0
2025-12-11T04:09:36.981279,0.045,0.955,1.0
2025-12-11T04:09:37.592064,0.045,0.955,1.0
2025-12-11T04:09:38.200300,0.035,0.965,1.0
2025-12-11T04:09:38.810010,0.035,0.965,1.0
2025-12-11T04:09:39.421331,0.035,0.965,1.0
2025-12-11T04:09:40.037266,0.025,0.975,1.0
2025-12-11T04:09:40.641499,0.025,0.975,1.0
2025-12-11T04:09:41.252635,0.025,0.975,1.0
2025-12-11T04:09:40.280336,0.025,0.975,1.0
2025-12-11T04:09:40.882195,0.025,0.975,1.0
2025-12-11T04:09:41.491772,0.025,0.975,1.0
2025-12-11T04:09:42.097116,0.03,0.97,1.0
2025-12-11T04:09:42.692018,0.035,0.965,1.0
2025-12-11T04:09:43.303135,0.035,0.965,1.0
2025-12-11T04:09:43.903545,0.035,0.965,1.0
2025-12-11T04:09:44.518626,0.025,0.975,1.0
2025-12-11T04:09:45.120295,0.025,0.975,1.0
2025-12-11T04:09:45.725056,0.015,0.985,1.0
2025-12-11T04:09:46.341736,0.015,0.985,1.0
2025-12-11T04:09:46.948190,0.025,0.985,1.01
2025-12-11T04:09:47.559832,0.015,0.985,1.0
2025-12-11T04:09:48.159212,0.015,0.985,1.0
2025-12-11T04:09:48.771453,0.025,0.975,1.0
2025-12-11T04:09:49.379272,0.025,0.975,1.0
2025-12-11T04:09:49.986219,0.025,0.975,1.0
2025-12-11T04:09:50.598967,0.025,0.975,1.0
2025-12-11T04:09:51.214944,0.025,0.975,1.0
2025-12-11T04:09:51.823908,0.025,0.975,1.0
2025-12-11T04:09:52.434780,0.025,0.975,1.0
2025-12-11T04:09:53.034689,0.025,0.975,1.0
2025-12-11T04:09:53.630785,0.025,0.975,1.0
2025-12-11T04:09:54.229595,0.025,0.975,1.0
2025-12-11T04:09:54.838876,0.025,0.975,1.0
2025-12-11T04:09:55.432151,0.025,0.975,1.0
2025-12-11T04:09:56.040909,0.035,0.965,1.0
2025-12-11T04:09:56.645900,0.03,0.97,1.0
2025-12-11T04:09:57.264229,0.025,0.975,1.0
2025-12-11T04:09:57.893601,0.025,0.975,1.0
2025-12-11T04:09:58.503981,0.025,0.975,1.0
2025-12-11T04:09:59.118270,0.025,0.975,1.0
2025-12-11T04:09:59.721784,0.025,0.975,1.0
2025-12-11T04:10:00.334844,0.025,0.975,1.0
2025-12-11T04:10:00.944518,0.025,0.975,1.0
2025-12-11T04:10:01.564480,0.005,0.995,1.0
2025-12-11T04:10:02.182383,0.005,0.995,1.0
2025-12-11T04:10:02.806806,0.005,0.995,1.0
2025-12-11T04:10:03.421199,0.005,0.995,1.0
2025-12-11T04:10:04.028887,0.005,0.995,1.0
2025-12-11T04:10:04.629514,0.005,0.995,1.0
2025-12-11T04:10:05.242416,0.005,0.995,1.0
2025-12-11T04:10:05.850767,0.005,0.995,1.0
2025-12-11T04:10:06.453894,0.005,0.995,1.0
2025-12-11T04:10:07.067775,0.005,0.995,1.0
2025-12-11T04:10:07.674931,0.005,0.995,1.0
2025-12-11T04:10:08.289183,0.005,0.995,1.0
2025-12-11T04:10:08.899921,0.005,0.995,1.0
2025-12-11T04:10:09.516748,0.005,0.995,1.0
2025-12-11T04:10:10.117658,0.005,0.995,1.0
2025-12-11T04:10:10.724939,0.005,0.995,1.0
2025-12-11T04:10:11.339167,0.005,0.995,1.0
2025-12-11T04:10:11.948798,0.005,0.995,1.0
2025-12-11T04:10:10.977330,0.005,0.995,1.0
2025-12-11T04:10:11.580632,0.005,0.995,1.0
2025-12-11T04:10:12.179593,0.005,0.995,1.0
2025-12-11T04:10:12.785232,0.005,0.995,1.0
2025-12-11T04:10:13.381124,0.005,0.995,1.0
2025-12-11T04:10:13.984715,0.005,0.995,1.0
2025-12-11T04:10:14.595311,0.005,0.995,1.0
2025-12-11T04:10:15.201386,0.005,0.995,1.0
2025-12-11T04:10:15.810980,0.005,0.995,1.0
2025-12-11T04:10:16.420150,0.005,0.995,1.0
2025-12-11T04:10:17.023823,0.005,0.995,1.0
2025-12-11T04:10:17.630686,0.005,0.995,1.0
2025-12-11T04:10:18.234866,0.005,0.995,1.0
2025-12-11T04:10:18.831481,0.005,0.995,1.0
2025-12-11T04:10:19.461142,0.005,0.995,1.0
2025-12-11T04:10:20.054268,0.005,0.995,1.0
2025-12-11T04:10:20.665388,0.005,0.995,1.0
2025-12-11T04:10:21.275423,0.005,0.995,1.0
2025-12-11T04:10:21.879198,0.005,0.995,1.0
2025-12-11T04:10:22.492067,0.005,0.995,1.0
2025-12-11T04:10:23.103748,0.005,0.995,1.0
2025-12-11T04:10:23.710474,0.005,0.995,1.0
2025-12-11T04:10:24.319052,0.005,0.995,1.0
2025-12-11T04:10:24.931876,0.005,0.995,1.0
2025-12-11T04:10:25.528094,0.005,0.995,1.0
2025-12-11T04:10:26.139653,0.005,0.995,1.0
2025-12-11T04:10:26.744802,0.005,0.995,1.0
2025-12-11T04:10:27.345523,0.005,0.995,1.0
2025-12-11T04:10:27.951002,0.005,0.995,1.0
2025-12-11T04:10:28.570828,0.005,0.995,1.0
2025-12-11T04:10:29.181981,0.005,0.995,1.0
2025-12-11T04:10:29.788844,0.005,0.995,1.0
2025-12-11T04:10:30.396578,0.005,0.995,1.0
2025-12-11T04:10:31.000121,0.005,0.995,1.0
2025-12-11T04:10:31.610963,0.005,0.995,1.0
2025-12-11T04:10:32.211783,0.005,0.995,1.0
2025-12-11T04:10:32.813941,0.005,0.995,1.0
2025-12-11T04:10:33.439634,0.005,0.995,1.0
2025-12-11T04:10:34.040695,0.005,0.995,1.0
2025-12-11T04:10:34.643455,0.005,0.995,1.0
2025-12-11T04:10:35.260169,0.005,0.995,1.0
2025-12-11T04:10:35.895840,0.005,0.995,1.0
2025-12-11T04:10:36.498382,0.005,0.995,1.0
2025-12-11T04:10:37.101005,0.005,0.995,1.0
2025-12-11T04:10:37.699966,0.005,0.995,1.0
2025-12-11T04:10:38.383747,0.005,0.995,1.0
2025-12-11T04:10:38.998751,0.005,0.995,1.0
2025-12-11T04:10:39.600524,0.005,0.995,1.0
2025-12-11T04:10:40.209729,0.005,0.995,1.0
2025-12-11T04:10:40.819264,0.005,0.995,1.0
2025-12-11T04:10:41.424349,0.005,0.995,1.0
2025-12-11T04:10:42.023346,0.005,0.995,1.0
2025-12-11T04:10:42.627633,0.005,0.995,1.0
2025-12-11T04:10:41.632954,0.005,0.995,1.0
2025-12-11T04:10:42.242569,0.005,0.995,1.0
2025-12-11T04:10:42.854759,0.005,0.995,1.0
2025-12-11T04:10:43.464256,0.005,0.995,1.0
2025-12-11T04:10:44.064114,0.005,0.995,1.0
2025-12-11T04:10:44.673661,0.005,0.995,1.0
2025-12-11T04:10:45.283031,0.015,0.985,1.0
2025-12-11T04:10:45.898447,0.015,0.985,1.0
2025-12-11T04:10:46.495424,0.015,0.99,1.005
2025-12-11T04:10:47.090424,0.005,0.995,1.0
2025-12-11T04:10:47.691319,0.005,0.995,1.0
2025-12-11T04:10:48.287874,0.005,0.995,1.0
2025-12-11T04:10:48.894354,0.005,0.995,1.0
2025-12-11T04:10:49.500428,0.005,0.995,1.0
2025-12-11T04:10:50.100233,0.005,0.995,1.0
2025-12-11T04:10:50.701908,0.005,0.995,1.0
2025-12-11T04:10:51.312857,0.005,0.995,1.0
2025-12-11T04:10:51.923759,0.005,0.995,1.0
2025-12-11T04:10:52.522259,0.005,0.995,1.0
2025-12-11T04:10:53.128625,0.005,0.995,1.0
2025-12-11T04:10:53.734949,0.005,0.995,1.0
2025-12-11T04:10:54.365703,0.005,0.995,1.0
2025-12-11T04:10:54.972297,0.005,0.995,1.0
2025-12-11T04:10:55.630643,0.005,0.995,1.0
2025-12-11T04:10:56.236206,0.005,0.995,1.0
2025-12-11T04:10:56.832430,0.005,0.995,1.0
2025-12-11T04:10:57.441217,0.005,0.995,1.0
2025-12-11T04:10:58.047330,0.005,0.995,1.0
2025-12-11T04:10:58.645836,0.005,0.995,1.0
2025-12-11T04:10:59.253263,0.005,0.995,1.0
2025-12-11T04:10:59.914621,0.005,0.995,1.0
2025-12-11T04:11:00.524608,0.005,0.995,1.0
2025-12-11T04:11:01.125909,0.005,0.995,1.0
2025-12-11T04:11:01.734254,0.005,0.995,1.0
2025-12-11T04:11:02.342012,0.005,0.995,1.0
2025-12-11T04:11:02.948914,0.005,0.995,1.0
2025-12-11T04:11:03.552556,0.005,0.995,1.0
2025-12-11T04:11:04.149240,0.005,0.995,1.0
2025-12-11T04:11:04.767501,0.005,0.995,1.0
2025-12-11T04:11:05.366876,0.005,0.995,1.0
2025-12-11T04:11:05.977244,0.005,0.995,1.0
2025-12-11T04:11:06.577583,0.005,0.995,1.0
2025-12-11T04:11:07.194938,0.005,0.995,1.0
2025-12-11T04:11:07.802805,0.005,0.995,1.0
2025-12-11T04:11:08.403822,0.005,0.995,1.0
2025-12-11T04:11:09.008403,0.005,0.995,1.0
2025-12-11T04:11:09.613588,0.005,0.995,1.0
2025-12-11T04:11:10.222425,0.005,0.995,1.0
2025-12-11T04:11:10.833966,0.005,0.995,1.0
2025-12-11T04:11:11.429965,0.005,0.995,1.0
2025-12-11T04:11:12.036377,0.005,0.995,1.0
2025-12-11T04:11:12.651242,0.005,0.995,1.0
2025-12-11T04:11:13.270096,0.005,0.995,1.0
2025-12-11T04:11:12.286693,0.005,0.995,1.0
2025-12-11T04:11:12.895905,0.005,0.995,1.0
2025-12-11T04:11:13.491013,0.005,0.995,1.0
2025-12-11T04:11:14.090577,0.005,0.995,1.0
2025-12-11T04:11:14.683427,0.005,0.995,1.0
2025-12-11T04:11:15.295407,0.005,0.995,1.0
2025-12-11T04:11:15.907252,0.005,0.995,1.0
2025-12-11T04:11:16.520248,0.005,0.995,1.0
2025-12-11T04:11:17.135323,0.005,0.995,1.0
2025-12-11T04:11:17.734199,0.005,0.995,1.0
2025-12-11T04:11:18.336239,0.005,0.995,1.0
2025-12-11T04:11:18.944728,0.005,0.995,1.0
2025-12-11T04:11:19.554264,0.005,0.995,1.0
2025-12-11T04:11:20.160504,0.005,0.995,1.0
2025-12-11T04:11:20.774392,0.005,0.995,1.0
2025-12-11T04:11:21.387463,0.005,0.995,1.0
2025-12-11T04:11:21.996616,0.005,0.995,1.0
2025-12-11T04:11:22.607668,0.005,0.995,1.0
2025-12-11T04:11:23.219882,0.005,0.995,1.0
2025-12-11T04:11:23.834640,0.005,0.995,1.0
2025-12-11T04:11:24.452448,0.005,0.995,1.0
2025-12-11T04:11:25.071969,0.005,0.995,1.0
2025-12-11T04:11:25.678535,0.005,0.995,1.0
2025-12-11T04:11:26.292402,0.005,0.995,1.0
2025-12-11T04:11:26.902450,0.005,0.995,1.0
2025-12-11T04:11:27.515603,0.005,0.995,1.0
2025-12-11T04:11:28.120058,0.005,0.995,1.0
2025-12-11T04:11:28.724074,0.005,0.995,1.0
2025-12-11T04:11:29.337546,0.005,0.995,1.0
2025-12-11T04:11:29.931710,0.005,0.995,1.0
2025-12-11T04:11:30.547118,0.005,0.995,1.0
2025-12-11T04:11:31.155004,0.005,0.995,1.0
2025-12-11T04:11:31.777088,0.005,0.995,1.0
2025-12-11T04:11:32.386842,0.005,0.995,1.0
2025-12-11T04:11:32.995138,0.005,0.995,1.0
2025-12-11T04:11:33.606420,0.005,0.995,1.0
2025-12-11T04:11:34.223419,0.005,0.995,1.0
2025-12-11T04:11:34.850201,0.005,0.995,1.0
2025-12-11T04:11:35.461071,0.005,0.995,1.0
2025-12-11T04:11:36.073945,0.005,0.995,1.0
2025-12-11T04:11:36.679907,0.005,0.995,1.0
2025-12-11T04:11:37.295575,0.005,0.995,1.0
2025-12-11T04:11:37.892365,0.005,0.995,1.0
2025-12-11T04:11:38.556587,0.005,0.995,1.0
2025-12-11T04:11:39.155440,0.005,0.995,1.0
2025-12-11T04:11:39.768562,0.005,0.995,1.0
2025-12-11T04:11:40.386374,0.005,0.995,1.0
2025-12-11T04:11:40.983047,0.005,0.995,1.0
2025-12-11T04:11:41.588796,0.005,0.995,1.0
2025-12-11T04:11:42.202108,0.005,0.995,1.0
2025-12-11T04:11:42.820311,0.005,0.995,1.0
2025-12-11T04:11:43.438171,0.005,0.995,1.0
2025-12-11T04:11:44.043062,0.005,0.995,1.0
2025-12-11T04:11:43.072587,0.005,0.995,1.0
2025-12-11T04:11:43.671852,0.005,0.995,1.0
2025-12-11T04:11:44.282911,0.005,0.995,1.0
2025-12-11T04:11:44.891782,0.005,0.995,1.0
2025-12-11T04:11:45.515506,0.005,0.995,1.0
2025-12-11T04:11:46.127199,0.005,0.995,1.0
2025-12-11T04:11:46.741391,0.005,0.995,1.0
2025-12-11T04:11:47.339522,0.005,0.995,1.0
2025-12-11T04:11:47.942307,0.005,0.995,1.0
2025-12-11T04:11:48.548353,0.005,0.995,1.0
2025-12-11T04:11:49.166646,0.005,0.995,1.0
2025-12-11T04:11:49.772752,0.005,0.995,1.0
2025-12-11T04:11:50.373175,0.005,0.995,1.0
2025-12-11T04:11:50.994641,0.005,0.995,1.0
2025-12-11T04:11:51.602364,0.005,0.995,1.0
2025-12-11T04:11:52.201912,0.005,0.995,1.0
2025-12-11T04:11:52.806279,0.005,0.995,1.0
2025-12-11T04:11:53.494153,0.005,0.995,1.0
2025-12-11T04:11:54.090845,0.005,0.995,1.0
2025-12-11T04:11:54.700296,0.005,0.995,1.0
2025-12-11T04:11:55.299776,0.005,0.995,1.0
2025-12-11T04:11:55.906197,0.005,0.995,1.0
2025-12-11T04:11:56.516705,0.005,0.995,1.0
2025-12-11T04:11:57.126089,0.005,0.995,1.0
2025-12-11T04:11:57.730454,0.005,0.995,1.0
2025-12-11T04:11:58.328891,0.005,0.995,1.0
2025-12-11T04:11:58.946519,0.005,0.995,1.0
2025-12-11T04:11:59.550138,0.005,0.995,1.0
2025-12-11T04:12:00.160069,0.005,0.995,1.0
2025-12-11T04:12:00.766073,0.005,0.995,1.0
2025-12-11T04:12:01.360968,0.005,0.995,1.0
2025-12-11T04:12:01.968760,0.005,0.995,1.0
2025-12-11T04:12:02.579861,0.005,0.995,1.0
2025-12-11T04:12:03.272781,0.005,0.995,1.0
2025-12-11T04:12:03.878693,0.005,0.995,1.0
2025-12-11T04:12:04.474144,0.005,0.995,1.0
2025-12-11T04:12:05.080983,0.005,0.995,1.0
2025-12-11T04:12:05.699808,0.005,0.995,1.0
2025-12-11T04:12:06.306818,0.005,0.995,1.0
2025-12-11T04:12:06.915102,0.005,0.995,1.0
2025-12-11T04:12:07.513789,0.005,0.995,1.0
2025-12-11T04:12:08.132131,0.005,0.995,1.0
2025-12-11T04:12:08.733360,0.005,0.995,1.0
2025-12-11T04:12:09.336231,0.005,0.995,1.0
2025-12-11T04:12:09.944113,0.005,0.995,1.0
2025-12-11T04:12:10.545521,0.005,0.995,1.0
2025-12-11T04:12:11.154993,0.005,0.995,1.0
2025-12-11T04:12:11.764152,0.005,0.995,1.0
2025-12-11T04:12:12.364846,0.005,0.995,1.0
2025-12-11T04:12:12.980919,0.005,0.995,1.0
2025-12-11T04:12:13.593212,0.005,0.995,1.0
2025-12-11T04:12:14.194257,0.005,0.995,1.0
2025-12-11T04:12:14.801916,0.005,0.995,1.0
2025-12-11T04:12:13.770910,0.005,0.995,1.0
2025-12-11T04:12:14.378262,0.005,0.995,1.0
2025-12-11T04:12:14.984641,0.005,0.995,1.0
2025-12-11T04:12:15.592709,0.005,0.995,1.0
2025-12-11T04:12:16.221549,0.005,0.995,1.0
2025-12-11T04:12:16.812991,0.005,0.995,1.0
2025-12-11T04:12:17.419580,0.005,0.995,1.0
2025-12-11T04:12:18.017389,0.005,0.995,1.0
2025-12-11T04:12:18.616752,0.005,0.995,1.0
2025-12-11T04:12:19.224827,0.005,0.995,1.0
2025-12-11T04:12:19.821802,0.005,0.995,1.0
2025-12-11T04:12:20.428448,0.005,0.995,1.0
2025-12-11T04:12:21.033909,0.005,0.995,1.0
2025-12-11T04:12:21.632125,0.005,0.995,1.0
2025-12-11T04:12:22.305340,0.005,0.995,1.0
2025-12-11T04:12:22.908015,0.005,0.995,1.0
2025-12-11T04:12:23.513862,0.005,0.995,1.0
2025-12-11T04:12:24.121039,0.005,0.995,1.0
2025-12-11T04:12:24.723105,0.005,0.995,1.0
2025-12-11T04:12:25.334720,0.005,0.995,1.0
2025-12-11T04:12:25.936488,0.005,0.995,1.0
2025-12-11T04:12:26.533789,0.005,0.995,1.0
2025-12-11T04:12:27.151860,0.005,0.995,1.0
2025-12-11T04:12:27.755165,0.005,0.995,1.0
2025-12-11T04:12:28.365345,0.005,0.995,1.0
2025-12-11T04:12:28.968314,0.005,0.995,1.0
2025-12-11T04:12:29.576944,0.005,0.995,1.0
2025-12-11T04:12:30.182503,0.005,0.995,1.0
2025-12-11T04:12:30.791281,0.005,0.995,1.0
2025-12-11T04:12:31.397534,0.005,0.995,1.0
2025-12-11T04:12:32.005496,0.005,0.995,1.0
2025-12-11T04:12:32.617981,0.005,0.995,1.0
2025-12-11T04:12:33.233362,0.005,0.995,1.0
2025-12-11T04:12:33.826861,0.005,0.995,1.0
2025-12-11T04:12:34.426011,0.005,0.995,1.0
2025-12-11T04:12:35.029809,0.005,0.995,1.0
2025-12-11T04:12:35.627013,0.005,0.995,1.0
2025-12-11T04:12:36.242827,0.005,0.995,1.0
2025-12-11T04:12:36.839637,0.005,0.995,1.0
2025-12-11T04:12:37.436503,0.005,0.995,1.0
2025-12-11T04:12:38.030925,0.005,0.995,1.0
2025-12-11T04:12:38.628513,0.005,0.995,1.0
2025-12-11T04:12:39.233412,0.005,0.995,1.0
2025-12-11T04:12:39.833639,0.005,0.995,1.0
2025-12-11T04:12:40.432844,0.005,0.995,1.0
2025-12-11T04:12:41.037692,0.005,0.995,1.0
2025-12-11T04:12:41.652565,0.005,0.995,1.0
2025-12-11T04:12:42.250235,0.005,0.995,1.0
2025-12-11T04:12:42.847179,0.005,0.995,1.0
2025-12-11T04:12:43.445190,0.005,0.995,1.0
2025-12-11T04:12:44.053324,0.005,0.995,1.0
2025-12-11T04:12:44.653982,0.005,0.995,1.0
2025-12-11T04:12:45.268093,0.005,0.995,1.0
2025-12-11T04:12:44.310289,0.005,0.995,1.0
2025-12-11T04:12:44.918296,0.005,0.995,1.0
2025-12-11T04:12:45.521774,0.005,0.995,1.0
2025-12-11T04:12:46.131842,0.005,0.995,1.0
2025-12-11T04:12:46.731325,0.005,0.995,1.0
2025-12-11T04:12:47.339999,0.005,0.995,1.0
2025-12-11T04:12:47.959583,0.005,0.995,1.0
2025-12-11T04:12:48.578275,0.005,0.995,1.0
2025-12-11T04:12:49.177261,0.005,0.995,1.0
2025-12-11T04:12:49.788611,0.005,0.995,1.0
2025-12-11T04:12:50.399195,0.005,0.995,1.0
2025-12-11T04:12:51.006446,0.005,0.995,1.0
2025-12-11T04:12:51.615352,0.005,0.995,1.0
2025-12-11T04:12:52.229348,0.005,0.995,1.0
2025-12-11T04:12:52.831302,0.005,0.995,1.0
2025-12-11T04:12:53.436078,0.005,0.995,1.0
2025-12-11T04:12:54.033802,0.005,0.995,1.0
2025-12-11T04:12:54.639548,0.005,0.995,1.0
2025-12-11T04:12:55.250821,0.005,0.995,1.0
2025-12-11T04:12:55.849644,0.005,0.995,1.0
2025-12-11T04:12:56.454924,0.005,0.995,1.0
2025-12-11T04:12:57.063988,0.005,0.995,1.0
2025-12-11T04:12:57.661141,0.005,0.995,1.0
2025-12-11T04:12:58.263322,0.005,0.995,1.0
2025-12-11T04:12:58.868051,0.005,0.995,1.0
2025-12-11T04:12:59.468841,0.005,0.995,1.0
2025-12-11T04:13:00.079660,0.005,0.995,1.0
2025-12-11T04:13:00.673927,0.005,0.995,1.0
2025-12-11T04:13:01.273938,0.005,0.995,1.0
2025-12-11T04:13:01.874929,0.005,0.995,1.0
2025-12-11T04:13:02.479576,0.005,0.995,1.0
2025-12-11T04:13:03.087579,0.005,0.995,1.0
2025-12-11T04:13:03.689402,0.005,0.995,1.0
2025-12-11T04:13:04.293956,0.005,0.995,1.0
2025-12-11T04:13:04.897687,0.005,0.995,1.0
2025-12-11T04:13:05.501396,0.005,0.995,1.0
2025-12-11T04:13:06.103656,0.005,0.995,1.0
2025-12-11T04:13:06.701142,0.005,0.995,1.0
2025-12-11T04:13:07.301970,0.005,0.995,1.0
2025-12-11T04:13:07.911617,0.005,0.995,1.0
2025-12-11T04:13:08.521708,0.005,0.995,1.0
2025-12-11T04:13:09.139282,0.005,0.995,1.0
2025-12-11T04:13:09.743415,0.005,0.995,1.0
2025-12-11T04:13:10.349563,0.005,0.995,1.0
2025-12-11T04:13:10.959543,0.005,0.995,1.0
2025-12-11T04:13:11.568282,0.005,0.995,1.0
2025-12-11T04:13:12.169695,0.005,0.995,1.0
2025-12-11T04:13:12.784540,0.005,0.995,1.0
2025-12-11T04:13:13.395593,0.005,0.995,1.0
2025-12-11T04:13:14.004407,0.005,0.995,1.0
2025-12-11T04:13:14.613167,0.005,0.995,1.0
2025-12-11T04:13:15.221158,0.005,0.995,1.0
2025-12-11T04:13:15.828255,0.005,0.995,1.0
2025-12-11T04:13:14.866126,0.005,0.995,1.0
2025-12-11T04:13:15.478065,0.005,0.995,1.0
2025-12-11T04:13:16.088321,0.005,0.995,1.0
2025-12-11T04:13:16.700704,0.005,0.995,1.0
2025-12-11T04:13:17.323220,0.005,0.995,1.0
2025-12-11T04:13:17.929705,0.005,0.995,1.0
2025-12-11T04:13:18.527876,0.005,0.995,1.0
2025-12-11T04:13:19.139838,0.005,0.995,1.0
2025-12-11T04:13:19.762120,0.005,0.995,1.0
2025-12-11T04:13:20.377967,0.005,0.995,1.0
2025-12-11T04:13:20.974937,0.005,0.995,1.0
2025-12-11T04:13:21.584649,0.005,0.995,1.0
2025-12-11T04:13:22.206053,0.005,0.995,1.0
2025-12-11T04:13:22.820405,0.005,0.995,1.0
2025-12-11T04:13:23.437344,0.005,0.995,1.0
2025-12-11T04:13:24.045409,0.005,0.995,1.0
2025-12-11T04:13:24.666545,0.005,0.995,1.0
2025-12-11T04:13:25.264193,0.005,0.995,1.0
2025-12-11T04:13:25.880278,0.005,0.995,1.0
2025-12-11T04:13:26.494370,0.005,0.995,1.0
2025-12-11T04:13:27.106513,0.005,0.995,1.0
2025-12-11T04:13:27.719040,0.005,0.995,1.0
2025-12-11T04:13:28.329028,0.005,0.995,1.0
2025-12-11T04:13:28.939075,0.005,0.995,1.0
2025-12-11T04:13:29.550034,0.005,0.995,1.0
2025-12-11T04:13:30.159773,0.005,0.995,1.0
2025-12-11T04:13:30.778840,0.005,0.995,1.0
2025-12-11T04:13:31.390287,0.005,0.995,1.0
2025-12-11T04:13:32.003860,0.005,0.995,1.0
2025-12-11T04:13:32.626072,0.005,0.995,1.0
2025-12-11T04:13:33.237150,0.005,0.995,1.0
2025-12-11T04:13:33.836187,0.005,0.995,1.0
2025-12-11T04:13:34.448098,0.005,0.995,1.0
2025-12-11T04:13:35.056931,0.005,0.995,1.0
2025-12-11T04:13:35.662753,0.005,0.995,1.0
2025-12-11T04:13:36.260373,0.005,0.995,1.0
2025-12-11T04:13:36.872443,0.005,0.995,1.0
2025-12-11T04:13:37.482029,0.005,0.995,1.0
2025-12-11T04:13:38.105185,0.005,0.995,1.0
2025-12-11T04:13:38.714328,0.005,0.995,1.0
2025-12-11T04:13:39.308220,0.005,0.995,1.0
2025-12-11T04:13:39.918243,0.005,0.995,1.0
2025-12-11T04:13:40.530142,0.005,0.995,1.0
2025-12-11T04:13:41.141754,0.005,0.995,1.0
2025-12-11T04:13:41.757115,0.005,0.995,1.0
2025-12-11T04:13:42.370193,0.005,0.995,1.0
2025-12-11T04:13:42.979821,0.005,0.995,1.0
2025-12-11T04:13:43.590834,0.005,0.995,1.0
2025-12-11T04:13:44.206251,0.005,0.995,1.0
2025-12-11T04:13:44.815596,0.005,0.995,1.0
2025-12-11T04:13:45.418740,0.005,0.995,1.0
2025-12-11T04:13:46.019754,0.005,0.995,1.0
2025-12-11T04:13:46.625727,0.005,0.995,1.0
2025-12-11T04:13:45.652908,0.005,0.995,1.0
2025-12-11T04:13:46.267515,0.005,0.995,1.0
2025-12-11T04:13:46.878000,0.005,0.995,1.0
2025-12-11T04:13:47.491458,0.005,0.995,1.0
2025-12-11T04:13:48.107028,0.005,0.995,1.0
2025-12-11T04:13:48.713945,0.005,0.995,1.0
2025-12-11T04:13:49.324536,0.005,0.995,1.0
2025-12-11T04:13:49.935536,0.005,0.995,1.0
2025-12-11T04:13:50.541531,0.005,0.995,1.0
2025-12-11T04:13:51.166460,0.005,0.995,1.0
2025-12-11T04:13:51.767727,0.005,0.995,1.0
2025-12-11T04:13:52.367259,0.005,0.995,1.0
2025-12-11T04:13:52.967956,0.005,0.995,1.0
2025-12-11T04:13:53.571858,0.005,0.995,1.0
2025-12-11T04:13:54.168075,0.005,0.995,1.0
2025-12-11T04:13:54.764472,0.005,0.995,1.0
2025-12-11T04:13:55.357883,0.005,0.995,1.0
2025-12-11T04:13:55.964979,0.005,0.995,1.0
2025-12-11T04:13:56.577850,0.005,0.995,1.0
2025-12-11T04:13:57.180912,0.005,0.995,1.0
2025-12-11T04:13:57.791517,0.005,0.995,1.0
2025-12-11T04:13:58.403781,0.005,0.995,1.0
2025-12-11T04:13:59.001881,0.005,0.995,1.0
2025-12-11T04:13:59.600082,0.005,0.995,1.0
2025-12-11T04:14:00.214329,0.005,0.995,1.0
2025-12-11T04:14:00.872639,0.005,0.995,1.0
2025-12-11T04:14:01.494746,0.005,0.995,1.0
2025-12-11T04:14:02.107448,0.005,0.995,1.0
2025-12-11T04:14:02.721517,0.005,0.995,1.0
2025-12-11T04:14:03.329196,0.005,0.995,1.0
2025-12-11T04:14:03.928008,0.005,0.995,1.0
2025-12-11T04:14:04.534368,0.005,0.995,1.0
2025-12-11T04:14:05.149713,0.005,0.995,1.0
2025-12-11T04:14:05.781967,0.005,0.995,1.0
2025-12-11T04:14:06.400276,0.005,0.995,1.0
2025-12-11T04:14:07.011473,0.005,0.995,1.0
2025-12-11T04:14:07.617407,0.005,0.995,1.0
2025-12-11T04:14:08.233303,0.005,0.995,1.0
2025-12-11T04:14:08.845044,0.005,0.995,1.0
2025-12-11T04:14:09.447327,0.005,0.995,1.0
2025-12-11T04:14:10.055984,0.005,0.995,1.0
2025-12-11T04:14:10.669804,0.005,0.995,1.0
2025-12-11T04:14:11.286430,0.005,0.995,1.0
2025-12-11T04:14:11.886340,0.005,0.995,1.0
2025-12-11T04:14:12.486580,0.005,0.995,1.0
2025-12-11T04:14:13.102260,0.005,0.995,1.0
2025-12-11T04:14:13.709568,0.005,0.995,1.0
2025-12-11T04:14:14.318078,0.005,0.995,1.0
2025-12-11T04:14:14.931161,0.005,0.995,1.0
2025-12-11T04:14:15.541329,0.005,0.995,1.0
2025-12-11T04:14:16.149047,0.005,0.995,1.0
2025-12-11T04:14:16.768201,0.005,0.995,1.0
2025-12-11T04:14:17.383156,0.005,0.995,1.0
2025-12-11T04:14:16.399338,0.005,0.995,1.0
2025-12-11T04:14:17.018487,0.005,0.995,1.0
2025-12-11T04:14:17.633905,0.005,0.995,1.0
2025-12-11T04:14:18.232898,0.005,0.995,1.0
2025-12-11T04:14:18.841860,0.005,0.995,1.0
2025-12-11T04:14:19.451780,0.005,0.995,1.0
2025-12-11T04:14:20.056018,0.005,0.995,1.0
2025-12-11T04:14:20.658848,0.005,0.995,1.0
2025-12-11T04:14:21.261138,0.005,0.995,1.0
2025-12-11T04:14:21.875269,0.005,0.995,1.0
2025-12-11T04:14:22.481223,0.005,0.995,1.0
2025-12-11T04:14:23.078211,0.005,0.995,1.0
2025-12-11T04:14:23.688680,0.005,0.995,1.0
2025-12-11T04:14:24.301625,0.005,0.995,1.0
2025-12-11T04:14:24.923140,0.005,0.995,1.0
2025-12-11T04:14:25.527051,0.005,0.995,1.0
2025-12-11T04:14:26.134696,0.005,0.995,1.0
2025-12-11T04:14:26.738576,0.005,0.995,1.0
2025-12-11T04:14:27.364046,0.005,0.995,1.0
2025-12-11T04:14:27.969917,0.005,0.995,1.0
2025-12-11T04:14:28.568862,0.005,0.995,1.0
2025-12-11T04:14:29.176202,0.005,0.995,1.0
2025-12-11T04:14:29.781468,0.005,0.995,1.0
2025-12-11T04:14:30.386409,0.005,0.995,1.0
2025-12-11T04:14:30.994756,0.005,0.995,1.0
2025-12-11T04:14:31.605317,0.005,0.995,1.0
2025-12-11T04:14:32.213402,0.005,0.995,1.0
2025-12-11T04:14:32.809321,0.005,0.995,1.0
2025-12-11T04:14:33.404179,0.005,0.995,1.0
2025-12-11T04:14:34.019117,0.005,0.995,1.0
2025-12-11T04:14:34.645678,0.005,0.995,1.0
2025-12-11T04:14:35.251319,0.005,0.995,1.0
2025-12-11T04:14:35.850561,0.005,0.995,1.0
2025-12-11T04:14:36.455140,0.005,0.995,1.0
2025-12-11T04:14:37.060173,0.005,0.995,1.0
2025-12-11T04:14:37.663915,0.005,0.995,1.0
2025-12-11T04:14:38.270090,0.005,0.995,1.0
2025-12-11T04:14:38.872340,0.005,0.995,1.0
2025-12-11T04:14:39.479961,0.005,0.995,1.0
2025-12-11T04:14:40.088980,0.005,0.995,1.0
2025-12-11T04:14:40.695008,0.005,0.995,1.0
2025-12-11T04:14:41.313993,0.005,0.995,1.0
2025-12-11T04:14:41.910284,0.005,0.995,1.0
2025-12-11T04:14:42.513907,0.005,0.995,1.0
2025-12-11T04:14:43.111952,0.005,0.995,1.0
2025-12-11T04:14:43.723301,0.005,0.995,1.0
2025-12-11T04:14:44.324501,0.005,0.995,1.0
2025-12-11T04:14:44.931325,0.005,0.995,1.0
2025-12-11T04:14:45.529384,0.005,0.995,1.0
2025-12-11T04:14:46.131766,0.005,0.995,1.0
2025-12-11T04:14:46.738828,0.005,0.995,1.0
2025-12-11T04:14:47.335019,0.005,0.995,1.0
2025-12-11T04:14:47.935630,0.005,0.995,1.0
2025-12-11T04:14:46.952405,0.005,0.995,1.0
2025-12-11T04:14:47.551401,0.005,0.995,1.0
2025-12-11T04:14:48.151553,0.005,0.995,1.0
2025-12-11T04:14:48.755806,0.005,0.995,1.0
2025-12-11T04:14:49.356035,0.005,0.995,1.0
2025-12-11T04:14:49.956382,0.005,0.995,1.0
2025-12-11T04:14:50.562821,0.005,0.995,1.0
2025-12-11T04:14:51.184781,0.005,0.995,1.0
2025-12-11T04:14:51.796612,0.005,0.995,1.0
2025-12-11T04:14:52.397230,0.005,0.995,1.0
2025-12-11T04:14:52.994775,0.005,0.995,1.0
2025-12-11T04:14:53.602756,0.005,0.995,1.0
2025-12-11T04:14:54.206742,0.005,0.995,1.0
2025-12-11T04:14:54.809333,0.005,0.995,1.0
2025-12-11T04:14:55.417864,0.005,0.995,1.0
2025-12-11T04:14:56.021012,0.005,0.995,1.0
2025-12-11T04:14:56.634971,0.005,0.995,1.0
2025-12-11T04:14:57.242469,0.005,0.995,1.0
2025-12-11T04:14:57.844057,0.005,0.995,1.0
2025-12-11T04:14:58.449456,0.005,0.995,1.0
2025-12-11T04:14:59.056771,0.005,0.995,1.0
2025-12-11T04:14:59.661363,0.005,0.995,1.0
2025-12-11T04:15:00.268929,0.005,0.995,1.0
2025-12-11T04:15:00.873502,0.005,0.995,1.0
2025-12-11T04:15:01.486818,0.005,0.995,1.0
2025-12-11T04:15:02.092252,0.005,0.995,1.0
2025-12-11T04:15:02.703724,0.005,0.995,1.0
2025-12-11T04:15:03.314721,0.005,0.995,1.0
2025-12-11T04:15:03.919927,0.005,0.995,1.0
2025-12-11T04:15:04.528599,0.005,0.995,1.0
2025-12-11T04:15:05.129737,0.005,0.995,1.0
2025-12-11T04:15:05.735171,0.005,0.995,1.0
2025-12-11T04:15:06.345754,0.005,0.995,1.0
2025-12-11T04:15:06.957993,0.005,0.995,1.0
2025-12-11T04:15:07.573013,0.005,0.995,1.0
2025-12-11T04:15:08.170201,0.005,0.995,1.0
2025-12-11T04:15:08.778806,0.005,0.995,1.0
2025-12-11T04:15:09.405383,0.005,0.995,1.0
2025-12-11T04:15:10.017991,0.005,0.995,1.0
2025-12-11T04:15:10.621438,0.005,0.995,1.0
2025-12-11T04:15:11.217186,0.005,0.995,1.0
2025-12-11T04:15:11.825797,0.005,0.995,1.0
2025-12-11T04:15:12.434409,0.005,0.995,1.0
2025-12-11T04:15:13.032029,0.005,0.995,1.0
2025-12-11T04:15:13.637569,0.005,0.995,1.0
2025-12-11T04:15:14.235438,0.005,0.995,1.0
2025-12-11T04:15:14.839725,0.005,0.995,1.0
2025-12-11T04:15:15.452150,0.005,0.995,1.0
2025-12-11T04:15:16.064123,0.005,0.995,1.0
2025-12-11T04:15:16.725633,0.005,0.995,1.0
2025-12-11T04:15:17.329614,0.005,0.995,1.0
2025-12-11T04:15:17.936811,0.005,0.995,1.0
2025-12-11T04:15:18.544617,0.005,0.995,1.0
2025-12-11T04:15:17.562012,0.005,0.995,1.0
2025-12-11T04:15:18.167302,0.005,0.995,1.0
2025-12-11T04:15:18.772852,0.005,0.995,1.0
2025-12-11T04:15:19.413394,0.005,0.995,1.0
2025-12-11T04:15:20.040307,0.005,0.995,1.0
2025-12-11T04:15:20.646558,0.005,0.995,1.0
2025-12-11T04:15:21.258369,0.005,0.995,1.0
2025-12-11T04:15:21.868047,0.005,0.995,1.0
2025-12-11T04:15:22.474723,0.005,0.995,1.0
2025-12-11T04:15:23.076733,0.005,0.995,1.0
2025-12-11T04:15:23.675412,0.005,0.995,1.0
2025-12-11T04:15:24.276264,0.005,0.995,1.0
2025-12-11T04:15:24.900162,0.005,0.995,1.0
2025-12-11T04:15:25.562617,0.005,0.995,1.0
2025-12-11T04:15:26.168967,0.005,0.995,1.0
2025-12-11T04:15:26.775418,0.005,0.995,1.0
2025-12-11T04:15:27.369388,0.005,0.995,1.0
2025-12-11T04:15:27.969711,0.005,0.995,1.0
2025-12-11T04:15:28.567811,0.005,0.995,1.0
2025-12-11T04:15:29.176994,0.005,0.995,1.0
2025-12-11T04:15:29.787131,0.005,0.995,1.0
2025-12-11T04:15:30.388604,0.005,0.995,1.0
2025-12-11T04:15:31.003771,0.005,0.995,1.0
2025-12-11T04:15:31.605362,0.005,0.995,1.0
2025-12-11T04:15:32.201121,0.005,0.995,1.0
2025-12-11T04:15:32.801018,0.005,0.995,1.0
2025-12-11T04:15:33.402382,0.005,0.995,1.0
2025-12-11T04:15:34.001112,0.005,0.995,1.0
2025-12-11T04:15:34.607384,0.005,0.995,1.0
2025-12-11T04:15:35.213928,0.005,0.995,1.0
2025-12-11T04:15:35.829870,0.005,0.995,1.0
2025-12-11T04:15:36.423751,0.005,0.995,1.0
2025-12-11T04:15:37.028356,0.005,0.995,1.0
2025-12-11T04:15:37.632327,0.005,0.995,1.0
2025-12-11T04:15:38.234700,0.005,0.995,1.0
2025-12-11T04:15:38.867404,0.005,0.995,1.0
2025-12-11T04:15:39.477281,0.005,0.995,1.0
2025-12-11T04:15:40.078842,0.005,0.995,1.0
2025-12-11T04:15:40.680170,0.005,0.995,1.0
2025-12-11T04:15:41.286416,0.005,0.995,1.0
2025-12-11T04:15:41.887001,0.005,0.995,1.0
2025-12-11T04:15:42.490905,0.005,0.995,1.0
2025-12-11T04:15:43.095059,0.005,0.995,1.0
2025-12-11T04:15:43.691106,0.005,0.995,1.0
2025-12-11T04:15:44.289126,0.005,0.995,1.0
2025-12-11T04:15:44.895550,0.0055,0.9945,1.0
2025-12-11T04:15:45.512202,0.0005,0.9995,1.0
2025-12-11T04:15:46.116866,0.0005,0.9995,1.0
2025-12-11T04:15:46.719887,0.0005,0.9995,1.0
2025-12-11T04:15:47.323432,0.0005,0.9995,1.0
2025-12-11T04:15:47.923780,0.0005,0.9995,1.0
2025-12-11T04:15:48.532337,0.0005,0.9995,1.0
2025-12-11T04:15:49.131948,0.0005,0.9995,1.0
2025-12-11T04:15:49.729550,0.0005,0.9995,1.0
2025-12-11T04:15:48.736347,0.0005,0.9995,1.0
2025-12-11T04:15:49.343428,0.0005,0.9995,1.0
2025-12-11T04:15:49.947138,0.0005,0.9995,1.0
2025-12-11T04:15:50.559711,0.0005,0.9995,1.0
2025-12-11T04:15:51.159631,0.0005,0.9995,1.0
2025-12-11T04:15:51.765760,0.0005,0.9995,1.0
2025-12-11T04:15:52.369746,0.0005,0.9995,1.0
2025-12-11T04:15:52.973910,0.0005,0.9995,1.0
2025-12-11T04:15:53.585249,0.0005,0.9995,1.0
2025-12-11T04:15:54.181937,0.0005,0.9995,1.0
2025-12-11T04:15:54.782711,0.0005,0.9995,1.0
2025-12-11T04:15:55.378944,0.0005,0.9995,1.0
2025-12-11T04:15:55.983822,0.0005,0.9995,1.0
2025-12-11T04:15:56.591132,0.0005,0.9995,1.0
2025-12-11T04:15:57.194796,0.0005,0.9995,1.0
2025-12-11T04:15:57.799938,0.0005,0.9995,1.0
2025-12-11T04:15:58.401071,0.0005,0.9995,1.0
2025-12-11T04:15:59.016678,0.0005,0.9995,1.0
2025-12-11T04:15:59.619026,0.0005,0.9995,1.0
