timestamp,price_yes,price_no,sum_prices
2025-12-11T07:01:00.620904,0.465,0.535,1.0
2025-12-11T07:01:01.230879,0.47,0.525,0.995
2025-12-11T07:01:01.830126,0.475,0.525,1.0
2025-12-11T07:01:02.436081,0.48,0.52,1.0
2025-12-11T07:01:03.048420,0.465,0.535,1.0
2025-12-11T07:01:03.717614,0.42,0.585,1.005
2025-12-11T07:01:04.330612,0.405,0.595,1.0
2025-12-11T07:01:04.937791,0.41,0.59,1.0
2025-12-11T07:01:05.544067,0.415,0.585,1.0
2025-12-11T07:01:06.141536,0.415,0.585,1.0
2025-12-11T07:01:06.743978,0.415,0.59,1.005
2025-12-11T07:01:07.347968,0.41,0.59,1.0
2025-12-11T07:01:07.960621,0.405,0.595,1.0
2025-12-11T07:01:08.566066,0.42,0.58,1.0
2025-12-11T07:01:09.171023,0.42,0.58,1.0
2025-12-11T07:01:09.774445,0.425,0.575,1.0
2025-12-11T07:01:10.378606,0.425,0.575,1.0
2025-12-11T07:01:10.987787,0.43,0.56,0.99
2025-12-11T07:01:11.586558,0.445,0.555,1.0
2025-12-11T07:01:12.192682,0.425,0.575,1.0
2025-12-11T07:01:12.793641,0.43,0.57,1.0
2025-12-11T07:01:13.393435,0.435,0.565,1.0
2025-12-11T07:01:12.440697,0.435,0.565,1.0
2025-12-11T07:01:13.044560,0.435,0.565,1.0
2025-12-11T07:01:13.650138,0.435,0.565,1.0
2025-12-11T07:01:14.256531,0.435,0.565,1.0
2025-12-11T07:01:14.855666,0.435,0.565,1.0
2025-12-11T07:01:15.460508,0.435,0.565,1.0
2025-12-11T07:01:16.066355,0.435,0.565,1.0
2025-12-11T07:01:16.669438,0.435,0.565,1.0
2025-12-11T07:01:17.274974,0.435,0.565,1.0
2025-12-11T07:01:17.878725,0.435,0.565,1.0
2025-12-11T07:01:18.478039,0.435,0.565,1.0
2025-12-11T07:01:19.085427,0.425,0.575,1.0
2025-12-11T07:01:19.688193,0.425,0.575,1.0
2025-12-11T07:01:20.289123,0.425,0.575,1.0
2025-12-11T07:01:20.900412,0.415,0.585,1.0
2025-12-11T07:01:21.506197,0.415,0.585,1.0
2025-12-11T07:01:22.106711,0.415,0.585,1.0
2025-12-11T07:01:22.710289,0.415,0.585,1.0
2025-12-11T07:01:23.317929,0.415,0.585,1.0
2025-12-11T07:01:23.925997,0.415,0.585,1.0
2025-12-11T07:01:24.532612,0.415,0.585,1.0
2025-12-11T07:01:25.132177,0.415,0.585,1.0
2025-12-11T07:01:25.732581,0.405,0.595,1.0
2025-12-11T07:01:26.342808,0.405,0.595,1.0
2025-12-11T07:01:26.947669,0.405,0.595,1.0
2025-12-11T07:01:27.574811,0.405,0.595,1.0
2025-12-11T07:01:28.173491,0.405,0.595,1.0
2025-12-11T07:01:28.778679,0.41,0.59,1.0
2025-12-11T07:01:29.389264,0.405,0.595,1.0
2025-12-11T07:01:29.996695,0.405,0.595,1.0
2025-12-11T07:01:30.601078,0.405,0.6,1.005
2025-12-11T07:01:31.209076,0.4,0.6,1.0
2025-12-11T07:01:31.811908,0.405,0.595,1.0
2025-12-11T07:01:32.413048,0.405,0.595,1.0
2025-12-11T07:01:33.019788,0.405,0.595,1.0
2025-12-11T07:01:33.638811,0.405,0.595,1.0
2025-12-11T07:01:34.252182,0.405,0.595,1.0
2025-12-11T07:01:34.853424,0.405,0.595,1.0
2025-12-11T07:01:35.454550,0.405,0.595,1.0
2025-12-11T07:01:36.064213,0.405,0.595,1.0
2025-12-11T07:01:36.677458,0.405,0.595,1.0
2025-12-11T07:01:37.285216,0.405,0.595,1.0
2025-12-11T07:01:37.883066,0.405,0.595,1.0
2025-12-11T07:01:38.535530,0.405,0.595,1.0
2025-12-11T07:01:39.135638,0.4,0.6,1.0
2025-12-11T07:01:39.742179,0.405,0.595,1.0
2025-12-11T07:01:40.355511,0.405,0.585,0.99
2025-12-11T07:01:40.957800,0.415,0.59,1.005
2025-12-11T07:01:41.555544,0.365,0.635,1.0
2025-12-11T07:01:42.164215,0.37,0.635,1.005
2025-12-11T07:01:42.765725,0.375,0.625,1.0
2025-12-11T07:01:43.369436,0.375,0.625,1.0
2025-12-11T07:01:43.971086,0.375,0.625,1.0
2025-12-11T07:01:43.027617,0.37,0.63,1.0
2025-12-11T07:01:43.632245,0.365,0.635,1.0
2025-12-11T07:01:44.243397,0.37,0.63,1.0
2025-12-11T07:01:44.848588,0.365,0.635,1.0
2025-12-11T07:01:45.456196,0.365,0.635,1.0
2025-12-11T07:01:46.054186,0.355,0.645,1.0
2025-12-11T07:01:46.664660,0.355,0.645,1.0
2025-12-11T07:01:47.278525,0.355,0.645,1.0
2025-12-11T07:01:47.881763,0.355,0.645,1.0
2025-12-11T07:01:48.487385,0.365,0.64,1.005
2025-12-11T07:01:49.100515,0.365,0.635,1.0
2025-12-11T07:01:49.695581,0.355,0.645,1.0
2025-12-11T07:01:50.292582,0.355,0.645,1.0
2025-12-11T07:01:50.892593,0.355,0.645,1.0
2025-12-11T07:01:51.492425,0.365,0.635,1.0
2025-12-11T07:01:52.088425,0.365,0.635,1.0
2025-12-11T07:01:52.689098,0.365,0.635,1.0
2025-12-11T07:01:53.287061,0.365,0.635,1.0
2025-12-11T07:01:53.892060,0.365,0.635,1.0
2025-12-11T07:01:54.500361,0.365,0.635,1.0
2025-12-11T07:01:55.107547,0.365,0.635,1.0
2025-12-11T07:01:55.720526,0.345,0.655,1.0
2025-12-11T07:01:56.318629,0.325,0.675,1.0
2025-12-11T07:01:56.927985,0.325,0.675,1.0
2025-12-11T07:01:57.539036,0.325,0.675,1.0
2025-12-11T07:01:58.142832,0.325,0.675,1.0
2025-12-11T07:01:58.746052,0.325,0.675,1.0
2025-12-11T07:01:59.363384,0.315,0.685,1.0
2025-12-11T07:01:59.969353,0.32,0.68,1.0
2025-12-11T07:02:00.569603,0.315,0.685,1.0
2025-12-11T07:02:01.165536,0.31,0.695,1.005
2025-12-11T07:02:01.776676,0.305,0.695,1.0
2025-12-11T07:02:02.386294,0.305,0.695,1.0
2025-12-11T07:02:02.994117,0.29,0.715,1.005
2025-12-11T07:02:03.609500,0.285,0.715,1.0
2025-12-11T07:02:04.223519,0.285,0.715,1.0
2025-12-11T07:02:04.822696,0.325,0.675,1.0
2025-12-11T07:02:05.439475,0.315,0.685,1.0
2025-12-11T07:02:06.059029,0.3,0.7,1.0
2025-12-11T07:02:06.692795,0.3,0.7,1.0
2025-12-11T07:02:07.299194,0.3,0.7,1.0
2025-12-11T07:02:07.907737,0.3,0.7,1.0
2025-12-11T07:02:08.512600,0.32,0.68,1.0
2025-12-11T07:02:09.111547,0.325,0.675,1.0
2025-12-11T07:02:09.721648,0.325,0.675,1.0
2025-12-11T07:02:10.317132,0.325,0.675,1.0
2025-12-11T07:02:10.929780,0.325,0.675,1.0
2025-12-11T07:02:11.538303,0.325,0.675,1.0
2025-12-11T07:02:12.151856,0.325,0.675,1.0
2025-12-11T07:02:12.756703,0.325,0.675,1.0
2025-12-11T07:02:13.355167,0.345,0.655,1.0
2025-12-11T07:02:13.959213,0.345,0.655,1.0
2025-12-11T07:02:14.568904,0.345,0.655,1.0
2025-12-11T07:02:13.613341,0.345,0.655,1.0
2025-12-11T07:02:14.225069,0.345,0.655,1.0
2025-12-11T07:02:14.829920,0.365,0.635,1.0
2025-12-11T07:02:15.434408,0.365,0.635,1.0
2025-12-11T07:02:16.035339,0.365,0.635,1.0
2025-12-11T07:02:16.656763,0.365,0.635,1.0
2025-12-11T07:02:17.260471,0.365,0.635,1.0
2025-12-11T07:02:17.867831,0.375,0.625,1.0
2025-12-11T07:02:18.474369,0.38,0.62,1.0
2025-12-11T07:02:19.085815,0.37,0.63,1.0
2025-12-11T07:02:19.689461,0.375,0.625,1.0
2025-12-11T07:02:20.289178,0.37,0.63,1.0
2025-12-11T07:02:20.889352,0.37,0.63,1.0
2025-12-11T07:02:21.486470,0.37,0.63,1.0
2025-12-11T07:02:22.088946,0.375,0.625,1.0
2025-12-11T07:02:22.693988,0.365,0.635,1.0
2025-12-11T07:02:23.294498,0.365,0.635,1.0
2025-12-11T07:02:23.900276,0.365,0.635,1.0
2025-12-11T07:02:24.497798,0.365,0.64,1.005
2025-12-11T07:02:25.100108,0.365,0.635,1.0
2025-12-11T07:02:25.698651,0.365,0.635,1.0
2025-12-11T07:02:26.301794,0.365,0.635,1.0
2025-12-11T07:02:26.911125,0.365,0.635,1.0
2025-12-11T07:02:27.510302,0.365,0.635,1.0
2025-12-11T07:02:28.115235,0.365,0.635,1.0
2025-12-11T07:02:28.717585,0.365,0.635,1.0
2025-12-11T07:02:29.329020,0.365,0.635,1.0
2025-12-11T07:02:29.928725,0.365,0.635,1.0
2025-12-11T07:02:30.522893,0.365,0.635,1.0
2025-12-11T07:02:31.120887,0.37,0.63,1.0
2025-12-11T07:02:31.723201,0.375,0.625,1.0
2025-12-11T07:02:32.328990,0.375,0.63,1.005
2025-12-11T07:02:32.933255,0.37,0.63,1.0
2025-12-11T07:02:33.541110,0.37,0.63,1.0
2025-12-11T07:02:34.137725,0.37,0.63,1.0
2025-12-11T07:02:34.735279,0.375,0.625,1.0
2025-12-11T07:02:35.334444,0.355,0.645,1.0
2025-12-11T07:02:35.948285,0.36,0.64,1.0
2025-12-11T07:02:36.559986,0.36,0.64,1.0
2025-12-11T07:02:37.156240,0.365,0.635,1.0
2025-12-11T07:02:37.766472,0.365,0.635,1.0
2025-12-11T07:02:38.369678,0.365,0.635,1.0
2025-12-11T07:02:38.984171,0.365,0.635,1.0
2025-12-11T07:02:39.600312,0.365,0.635,1.0
2025-12-11T07:02:40.201822,0.365,0.63,0.995
2025-12-11T07:02:40.804593,0.375,0.625,1.0
2025-12-11T07:02:41.405142,0.375,0.63,1.005
2025-12-11T07:02:42.018622,0.37,0.63,1.0
2025-12-11T07:02:42.622218,0.37,0.63,1.0
2025-12-11T07:02:43.296875,0.37,0.63,1.0
2025-12-11T07:02:43.907552,0.37,0.63,1.0
2025-12-11T07:02:44.511991,0.37,0.63,1.0
2025-12-11T07:02:45.112739,0.37,0.63,1.0
2025-12-11T07:02:45.711234,0.365,0.63,0.995
2025-12-11T07:02:44.753327,0.37,0.63,1.0
2025-12-11T07:02:45.362431,0.375,0.625,1.0
2025-12-11T07:02:45.973108,0.375,0.625,1.0
2025-12-11T07:02:46.573076,0.375,0.625,1.0
2025-12-11T07:02:47.174903,0.375,0.625,1.0
2025-12-11T07:02:47.777835,0.375,0.625,1.0
2025-12-11T07:02:48.384700,0.375,0.625,1.0
2025-12-11T07:02:48.987191,0.365,0.635,1.0
2025-12-11T07:02:49.595337,0.365,0.635,1.0
2025-12-11T07:02:50.199688,0.365,0.635,1.0
2025-12-11T07:02:50.799506,0.365,0.635,1.0
2025-12-11T07:02:51.407500,0.365,0.635,1.0
2025-12-11T07:02:52.021243,0.365,0.635,1.0
2025-12-11T07:02:52.624506,0.365,0.635,1.0
2025-12-11T07:02:53.228626,0.365,0.635,1.0
2025-12-11T07:02:53.835788,0.365,0.635,1.0
2025-12-11T07:02:54.441623,0.365,0.635,1.0
2025-12-11T07:02:55.046829,0.365,0.635,1.0
2025-12-11T07:02:55.655999,0.365,0.635,1.0
2025-12-11T07:02:56.261167,0.365,0.635,1.0
2025-12-11T07:02:56.866055,0.365,0.635,1.0
2025-12-11T07:02:57.471033,0.365,0.635,1.0
2025-12-11T07:02:58.073953,0.365,0.635,1.0
2025-12-11T07:02:58.678318,0.365,0.635,1.0
2025-12-11T07:02:59.290519,0.365,0.635,1.0
2025-12-11T07:02:59.900297,0.365,0.635,1.0
2025-12-11T07:03:00.496926,0.365,0.635,1.0
2025-12-11T07:03:01.109465,0.365,0.635,1.0
2025-12-11T07:03:01.713130,0.36,0.64,1.0
2025-12-11T07:03:02.317461,0.365,0.635,1.0
2025-12-11T07:03:02.921010,0.365,0.635,1.0
2025-12-11T07:03:03.519344,0.35,0.65,1.0
2025-12-11T07:03:04.121846,0.345,0.655,1.0
2025-12-11T07:03:04.729149,0.345,0.655,1.0
2025-12-11T07:03:05.327538,0.345,0.655,1.0
2025-12-11T07:03:05.934113,0.355,0.645,1.0
2025-12-11T07:03:06.541958,0.355,0.645,1.0
2025-12-11T07:03:07.137911,0.355,0.645,1.0
2025-12-11T07:03:07.744378,0.355,0.645,1.0
2025-12-11T07:03:08.344966,0.355,0.655,1.01
2025-12-11T07:03:08.946893,0.325,0.675,1.0
2025-12-11T07:03:09.539957,0.325,0.675,1.0
2025-12-11T07:03:10.150167,0.315,0.685,1.0
2025-12-11T07:03:10.755113,0.32,0.68,1.0
2025-12-11T07:03:11.355071,0.325,0.675,1.0
2025-12-11T07:03:11.950714,0.325,0.675,1.0
2025-12-11T07:03:12.558836,0.325,0.675,1.0
2025-12-11T07:03:13.170742,0.315,0.685,1.0
2025-12-11T07:03:13.775018,0.315,0.685,1.0
2025-12-11T07:03:14.378894,0.315,0.685,1.0
2025-12-11T07:03:15.011844,0.315,0.685,1.0
2025-12-11T07:03:15.613668,0.295,0.705,1.0
2025-12-11T07:03:16.220796,0.305,0.695,1.0
2025-12-11T07:03:15.305266,0.295,0.705,1.0
2025-12-11T07:03:15.908397,0.295,0.705,1.0
2025-12-11T07:03:16.522448,0.305,0.695,1.0
2025-12-11T07:03:17.121613,0.305,0.695,1.0
2025-12-11T07:03:17.745647,0.305,0.695,1.0
2025-12-11T07:03:18.352315,0.305,0.695,1.0
2025-12-11T07:03:18.953427,0.305,0.695,1.0
2025-12-11T07:03:19.561214,0.305,0.695,1.0
2025-12-11T07:03:20.172786,0.305,0.695,1.0
2025-12-11T07:03:20.775808,0.305,0.695,1.0
2025-12-11T07:03:21.388638,0.305,0.695,1.0
2025-12-11T07:03:21.994984,0.305,0.695,1.0
2025-12-11T07:03:22.590577,0.305,0.695,1.0
2025-12-11T07:03:23.184966,0.305,0.695,1.0
2025-12-11T07:03:23.783852,0.295,0.7,0.9949999999999999
2025-12-11T07:03:24.379985,0.305,0.7,1.005
2025-12-11T07:03:24.974383,0.305,0.695,1.0
2025-12-11T07:03:25.580791,0.305,0.695,1.0
2025-12-11T07:03:26.184465,0.305,0.695,1.0
2025-12-11T07:03:26.785656,0.305,0.695,1.0
2025-12-11T07:03:27.392499,0.305,0.695,1.0
2025-12-11T07:03:27.997238,0.305,0.695,1.0
2025-12-11T07:03:28.593745,0.3,0.7,1.0
2025-12-11T07:03:29.190198,0.295,0.705,1.0
2025-12-11T07:03:29.795550,0.295,0.705,1.0
2025-12-11T07:03:30.403661,0.295,0.705,1.0
2025-12-11T07:03:31.003513,0.285,0.715,1.0
2025-12-11T07:03:31.605865,0.285,0.715,1.0
2025-12-11T07:03:32.201132,0.275,0.725,1.0
2025-12-11T07:03:32.801202,0.275,0.725,1.0
2025-12-11T07:03:33.640608,0.275,0.725,1.0
2025-12-11T07:03:34.247036,0.275,0.725,1.0
2025-12-11T07:03:34.848599,0.265,0.735,1.0
2025-12-11T07:03:35.449666,0.275,0.715,0.99
2025-12-11T07:03:36.048255,0.285,0.715,1.0
2025-12-11T07:03:36.649716,0.275,0.725,1.0
2025-12-11T07:03:37.250641,0.255,0.745,1.0
2025-12-11T07:03:37.855086,0.265,0.735,1.0
2025-12-11T07:03:38.459826,0.275,0.725,1.0
2025-12-11T07:03:39.061358,0.27,0.735,1.005
2025-12-11T07:03:39.665988,0.26,0.74,1.0
2025-12-11T07:03:40.267662,0.26,0.74,1.0
2025-12-11T07:03:40.874972,0.26,0.74,1.0
2025-12-11T07:03:41.474416,0.265,0.735,1.0
2025-12-11T07:03:42.078583,0.265,0.735,1.0
2025-12-11T07:03:42.683239,0.255,0.745,1.0
2025-12-11T07:03:43.287476,0.265,0.735,1.0
2025-12-11T07:03:43.891301,0.265,0.735,1.0
2025-12-11T07:03:44.484765,0.27,0.73,1.0
2025-12-11T07:03:45.088822,0.265,0.735,1.0
2025-12-11T07:03:45.694546,0.27,0.73,1.0
2025-12-11T07:03:46.296931,0.27,0.73,1.0
2025-12-11T07:03:46.907956,0.27,0.73,1.0
2025-12-11T07:03:45.954834,0.27,0.73,1.0
2025-12-11T07:03:46.551574,0.27,0.73,1.0
2025-12-11T07:03:47.151049,0.265,0.735,1.0
2025-12-11T07:03:47.755702,0.265,0.735,1.0
2025-12-11T07:03:48.360685,0.26,0.74,1.0
2025-12-11T07:03:48.970043,0.26,0.74,1.0
2025-12-11T07:03:49.579211,0.245,0.755,1.0
2025-12-11T07:03:50.178701,0.255,0.745,1.0
2025-12-11T07:03:50.773318,0.26,0.74,1.0
2025-12-11T07:03:51.375699,0.265,0.735,1.0
2025-12-11T07:03:51.979969,0.265,0.735,1.0
2025-12-11T07:03:52.580335,0.255,0.745,1.0
2025-12-11T07:03:53.173242,0.245,0.755,1.0
2025-12-11T07:03:53.771997,0.235,0.765,1.0
2025-12-11T07:03:54.377711,0.235,0.765,1.0
2025-12-11T07:03:54.977402,0.235,0.765,1.0
2025-12-11T07:03:55.579294,0.235,0.765,1.0
2025-12-11T07:03:56.181895,0.235,0.765,1.0
2025-12-11T07:03:56.780327,0.235,0.765,1.0
2025-12-11T07:03:57.390396,0.235,0.765,1.0
2025-12-11T07:03:57.997381,0.235,0.765,1.0
2025-12-11T07:03:58.605211,0.24,0.76,1.0
2025-12-11T07:03:59.216654,0.24,0.76,1.0
2025-12-11T07:03:59.818498,0.24,0.76,1.0
2025-12-11T07:04:00.421331,0.24,0.76,1.0
2025-12-11T07:04:01.035523,0.235,0.765,1.0
2025-12-11T07:04:01.647926,0.235,0.765,1.0
2025-12-11T07:04:02.252476,0.24,0.76,1.0
2025-12-11T07:04:02.860145,0.24,0.76,1.0
2025-12-11T07:04:03.459327,0.235,0.765,1.0
2025-12-11T07:04:04.061177,0.235,0.755,0.99
2025-12-11T07:04:04.657135,0.245,0.755,1.0
2025-12-11T07:04:05.267295,0.245,0.755,1.0
2025-12-11T07:04:05.862960,0.255,0.745,1.0
2025-12-11T07:04:06.463637,0.255,0.745,1.0
2025-12-11T07:04:07.064821,0.255,0.745,1.0
2025-12-11T07:04:07.662614,0.255,0.745,1.0
2025-12-11T07:04:08.265706,0.255,0.745,1.0
2025-12-11T07:04:08.875258,0.255,0.745,1.0
2025-12-11T07:04:09.476000,0.255,0.745,1.0
2025-12-11T07:04:10.079697,0.255,0.745,1.0
2025-12-11T07:04:10.696816,0.25,0.755,1.005
2025-12-11T07:04:11.290034,0.245,0.755,1.0
2025-12-11T07:04:11.889133,0.245,0.755,1.0
2025-12-11T07:04:12.499770,0.245,0.755,1.0
2025-12-11T07:04:13.099481,0.255,0.745,1.0
2025-12-11T07:04:13.693452,0.255,0.745,1.0
2025-12-11T07:04:14.294477,0.255,0.745,1.0
2025-12-11T07:04:14.894454,0.255,0.745,1.0
2025-12-11T07:04:15.501791,0.255,0.745,1.0
2025-12-11T07:04:16.112067,0.255,0.745,1.0
2025-12-11T07:04:16.715681,0.255,0.745,1.0
2025-12-11T07:04:17.311718,0.255,0.745,1.0
2025-12-11T07:04:16.402523,0.255,0.745,1.0
2025-12-11T07:04:17.001729,0.255,0.745,1.0
2025-12-11T07:04:17.611450,0.255,0.745,1.0
2025-12-11T07:04:18.210303,0.255,0.745,1.0
2025-12-11T07:04:18.820564,0.255,0.745,1.0
2025-12-11T07:04:19.432517,0.255,0.745,1.0
2025-12-11T07:04:20.037292,0.255,0.745,1.0
2025-12-11T07:04:20.648643,0.255,0.745,1.0
2025-12-11T07:04:21.258304,0.255,0.745,1.0
2025-12-11T07:04:21.868604,0.255,0.745,1.0
2025-12-11T07:04:22.481020,0.255,0.745,1.0
2025-12-11T07:04:23.092266,0.28,0.72,1.0
2025-12-11T07:04:23.700200,0.28,0.72,1.0
2025-12-11T07:04:24.309713,0.28,0.72,1.0
2025-12-11T07:04:24.923043,0.275,0.725,1.0
2025-12-11T07:04:25.520653,0.28,0.72,1.0
2025-12-11T07:04:26.132179,0.265,0.735,1.0
2025-12-11T07:04:26.732484,0.265,0.735,1.0
2025-12-11T07:04:27.344926,0.265,0.73,0.995
2025-12-11T07:04:27.955220,0.27,0.73,1.0
2025-12-11T07:04:28.550320,0.27,0.73,1.0
2025-12-11T07:04:29.157995,0.275,0.72,0.995
2025-12-11T07:04:29.772562,0.325,0.67,0.9950000000000001
2025-12-11T07:04:30.383381,0.35,0.65,1.0
2025-12-11T07:04:30.980644,0.345,0.655,1.0
2025-12-11T07:04:31.589997,0.345,0.655,1.0
2025-12-11T07:04:32.207216,0.345,0.655,1.0
2025-12-11T07:04:32.812984,0.345,0.655,1.0
2025-12-11T07:04:33.428878,0.345,0.655,1.0
2025-12-11T07:04:34.032977,0.345,0.655,1.0
2025-12-11T07:04:34.646601,0.345,0.655,1.0
2025-12-11T07:04:35.245942,0.345,0.655,1.0
2025-12-11T07:04:35.848507,0.335,0.665,1.0
2025-12-11T07:04:36.449645,0.345,0.65,0.995
2025-12-11T07:04:37.054528,0.345,0.655,1.0
2025-12-11T07:04:37.660069,0.345,0.655,1.0
2025-12-11T07:04:38.255866,0.345,0.655,1.0
2025-12-11T07:04:38.855756,0.345,0.655,1.0
2025-12-11T07:04:39.460548,0.345,0.655,1.0
2025-12-11T07:04:40.067296,0.345,0.655,1.0
2025-12-11T07:04:40.669447,0.345,0.655,1.0
2025-12-11T07:04:41.267663,0.345,0.655,1.0
2025-12-11T07:04:41.867254,0.355,0.645,1.0
2025-12-11T07:04:42.478227,0.355,0.645,1.0
2025-12-11T07:04:43.072570,0.365,0.635,1.0
2025-12-11T07:04:43.687147,0.365,0.635,1.0
2025-12-11T07:04:44.284882,0.365,0.635,1.0
2025-12-11T07:04:44.887018,0.365,0.635,1.0
2025-12-11T07:04:45.491456,0.365,0.635,1.0
2025-12-11T07:04:46.097060,0.355,0.645,1.0
2025-12-11T07:04:46.703709,0.355,0.645,1.0
2025-12-11T07:04:47.304025,0.355,0.645,1.0
2025-12-11T07:04:47.904677,0.335,0.665,1.0
2025-12-11T07:04:48.507296,0.335,0.665,1.0
2025-12-11T07:04:47.563265,0.335,0.665,1.0
2025-12-11T07:04:48.170237,0.345,0.655,1.0
2025-12-11T07:04:48.767534,0.345,0.655,1.0
2025-12-11T07:04:49.391956,0.345,0.655,1.0
2025-12-11T07:04:49.989671,0.345,0.655,1.0
2025-12-11T07:04:50.588511,0.345,0.655,1.0
2025-12-11T07:04:51.183510,0.34,0.66,1.0
2025-12-11T07:04:51.777716,0.345,0.655,1.0
2025-12-11T07:04:52.372482,0.345,0.655,1.0
2025-12-11T07:04:52.967455,0.345,0.655,1.0
2025-12-11T07:04:53.575167,0.345,0.655,1.0
2025-12-11T07:04:54.175095,0.345,0.655,1.0
2025-12-11T07:04:54.778497,0.335,0.665,1.0
2025-12-11T07:04:55.382108,0.335,0.665,1.0
2025-12-11T07:04:55.987982,0.335,0.665,1.0
2025-12-11T07:04:56.584621,0.335,0.665,1.0
2025-12-11T07:04:57.192334,0.335,0.665,1.0
2025-12-11T07:04:57.794334,0.335,0.665,1.0
2025-12-11T07:04:58.459780,0.335,0.665,1.0
2025-12-11T07:04:59.060099,0.335,0.665,1.0
2025-12-11T07:04:59.664521,0.335,0.665,1.0
2025-12-11T07:05:00.265093,0.335,0.665,1.0
2025-12-11T07:05:00.874903,0.335,0.665,1.0
2025-12-11T07:05:01.478279,0.335,0.665,1.0
2025-12-11T07:05:02.091663,0.335,0.665,1.0
2025-12-11T07:05:02.702288,0.33,0.67,1.0
2025-12-11T07:05:03.311458,0.32,0.685,1.0050000000000001
2025-12-11T07:05:03.911589,0.3,0.705,1.005
2025-12-11T07:05:04.517217,0.28,0.72,1.0
2025-12-11T07:05:05.124545,0.28,0.72,1.0
2025-12-11T07:05:05.737694,0.275,0.725,1.0
2025-12-11T07:05:06.344102,0.275,0.725,1.0
2025-12-11T07:05:06.939861,0.275,0.725,1.0
2025-12-11T07:05:07.638818,0.275,0.725,1.0
2025-12-11T07:05:08.236812,0.275,0.725,1.0
2025-12-11T07:05:08.839521,0.275,0.715,0.99
2025-12-11T07:05:09.443315,0.285,0.715,1.0
2025-12-11T07:05:10.043469,0.285,0.715,1.0
2025-12-11T07:05:10.643445,0.285,0.715,1.0
2025-12-11T07:05:11.249227,0.28,0.72,1.0
2025-12-11T07:05:11.849298,0.28,0.72,1.0
2025-12-11T07:05:12.453923,0.285,0.715,1.0
2025-12-11T07:05:13.056338,0.285,0.715,1.0
2025-12-11T07:05:13.659842,0.285,0.715,1.0
2025-12-11T07:05:14.261239,0.285,0.715,1.0
2025-12-11T07:05:14.862576,0.285,0.715,1.0
2025-12-11T07:05:15.470919,0.285,0.715,1.0
2025-12-11T07:05:16.077270,0.285,0.715,1.0
2025-12-11T07:05:16.685470,0.29,0.705,0.9949999999999999
2025-12-11T07:05:17.288219,0.295,0.705,1.0
2025-12-11T07:05:17.888188,0.29,0.71,1.0
2025-12-11T07:05:18.493741,0.285,0.715,1.0
2025-12-11T07:05:19.096709,0.285,0.71,0.9949999999999999
2025-12-11T07:05:18.161188,0.295,0.705,1.0
2025-12-11T07:05:18.761883,0.295,0.705,1.0
2025-12-11T07:05:19.363324,0.295,0.705,1.0
2025-12-11T07:05:19.980795,0.295,0.705,1.0
2025-12-11T07:05:20.584045,0.295,0.705,1.0
2025-12-11T07:05:21.187286,0.295,0.705,1.0
2025-12-11T07:05:21.797676,0.295,0.705,1.0
2025-12-11T07:05:22.400166,0.295,0.705,1.0
2025-12-11T07:05:22.999499,0.295,0.705,1.0
2025-12-11T07:05:23.603272,0.295,0.705,1.0
2025-12-11T07:05:24.204723,0.295,0.705,1.0
2025-12-11T07:05:24.810116,0.295,0.705,1.0
2025-12-11T07:05:25.408056,0.295,0.705,1.0
2025-12-11T07:05:26.014103,0.305,0.695,1.0
2025-12-11T07:05:26.618666,0.335,0.665,1.0
2025-12-11T07:05:27.224830,0.335,0.665,1.0
2025-12-11T07:05:27.821482,0.335,0.665,1.0
2025-12-11T07:05:28.432124,0.33,0.67,1.0
2025-12-11T07:05:29.035251,0.33,0.67,1.0
2025-12-11T07:05:29.649426,0.33,0.67,1.0
2025-12-11T07:05:30.261193,0.33,0.67,1.0
2025-12-11T07:05:30.858627,0.33,0.67,1.0
2025-12-11T07:05:31.466767,0.335,0.665,1.0
2025-12-11T07:05:32.062700,0.325,0.675,1.0
2025-12-11T07:05:32.666529,0.325,0.675,1.0
2025-12-11T07:05:33.268159,0.325,0.675,1.0
2025-12-11T07:05:33.873966,0.325,0.675,1.0
2025-12-11T07:05:34.474176,0.325,0.675,1.0
2025-12-11T07:05:35.080202,0.325,0.675,1.0
2025-12-11T07:05:35.675758,0.325,0.675,1.0
2025-12-11T07:05:36.273201,0.325,0.675,1.0
2025-12-11T07:05:36.883561,0.325,0.675,1.0
2025-12-11T07:05:37.485200,0.325,0.675,1.0
2025-12-11T07:05:38.085402,0.325,0.675,1.0
2025-12-11T07:05:38.687287,0.325,0.675,1.0
2025-12-11T07:05:39.286513,0.325,0.675,1.0
2025-12-11T07:05:39.887391,0.325,0.675,1.0
2025-12-11T07:05:40.498125,0.325,0.675,1.0
2025-12-11T07:05:41.106082,0.325,0.675,1.0
2025-12-11T07:05:41.710075,0.325,0.675,1.0
2025-12-11T07:05:42.316142,0.325,0.675,1.0
2025-12-11T07:05:42.916540,0.325,0.675,1.0
2025-12-11T07:05:43.525801,0.315,0.685,1.0
2025-12-11T07:05:44.137068,0.315,0.685,1.0
2025-12-11T07:05:44.737192,0.315,0.685,1.0
2025-12-11T07:05:45.347989,0.315,0.685,1.0
2025-12-11T07:05:45.976003,0.315,0.685,1.0
2025-12-11T07:05:46.574755,0.315,0.685,1.0
2025-12-11T07:05:47.183511,0.315,0.685,1.0
2025-12-11T07:05:47.796225,0.315,0.685,1.0
2025-12-11T07:05:48.406810,0.325,0.675,1.0
2025-12-11T07:05:48.998854,0.325,0.675,1.0
2025-12-11T07:05:49.597408,0.325,0.675,1.0
2025-12-11T07:05:48.652676,0.325,0.675,1.0
2025-12-11T07:05:49.252632,0.325,0.68,1.0050000000000001
2025-12-11T07:05:49.862178,0.315,0.685,1.0
2025-12-11T07:05:50.474589,0.315,0.685,1.0
2025-12-11T07:05:51.067267,0.315,0.685,1.0
2025-12-11T07:05:51.666275,0.315,0.685,1.0
2025-12-11T07:05:52.266409,0.315,0.685,1.0
2025-12-11T07:05:52.864287,0.315,0.685,1.0
2025-12-11T07:05:53.463310,0.315,0.685,1.0
2025-12-11T07:05:54.069433,0.315,0.685,1.0
2025-12-11T07:05:54.666511,0.315,0.685,1.0
2025-12-11T07:05:55.265493,0.315,0.685,1.0
2025-12-11T07:05:55.867188,0.315,0.685,1.0
2025-12-11T07:05:56.472922,0.315,0.685,1.0
2025-12-11T07:05:57.088221,0.315,0.685,1.0
2025-12-11T07:05:57.693735,0.315,0.685,1.0
2025-12-11T07:05:58.315830,0.315,0.69,1.005
2025-12-11T07:05:58.914853,0.31,0.69,1.0
2025-12-11T07:05:59.526797,0.31,0.69,1.0
2025-12-11T07:06:00.138714,0.31,0.69,1.0
2025-12-11T07:06:00.732879,0.32,0.68,1.0
2025-12-11T07:06:01.346819,0.315,0.685,1.0
2025-12-11T07:06:01.948294,0.295,0.705,1.0
2025-12-11T07:06:02.557512,0.265,0.735,1.0
2025-12-11T07:06:03.171503,0.255,0.745,1.0
2025-12-11T07:06:03.764839,0.255,0.745,1.0
2025-12-11T07:06:04.375967,0.255,0.745,1.0
2025-12-11T07:06:04.979234,0.255,0.745,1.0
2025-12-11T07:06:05.581984,0.255,0.745,1.0
2025-12-11T07:06:06.191835,0.255,0.745,1.0
2025-12-11T07:06:06.805402,0.255,0.745,1.0
2025-12-11T07:06:07.413229,0.245,0.755,1.0
2025-12-11T07:06:08.029012,0.245,0.755,1.0
2025-12-11T07:06:08.628729,0.245,0.755,1.0
2025-12-11T07:06:09.241028,0.245,0.755,1.0
2025-12-11T07:06:09.843126,0.245,0.755,1.0
2025-12-11T07:06:10.459568,0.255,0.745,1.0
2025-12-11T07:06:11.065461,0.245,0.755,1.0
2025-12-11T07:06:11.677702,0.245,0.755,1.0
2025-12-11T07:06:12.281180,0.245,0.76,1.005
2025-12-11T07:06:12.881470,0.235,0.765,1.0
2025-12-11T07:06:13.490414,0.24,0.76,1.0
2025-12-11T07:06:14.094402,0.235,0.765,1.0
2025-12-11T07:06:14.689305,0.235,0.765,1.0
2025-12-11T07:06:15.300451,0.235,0.765,1.0
2025-12-11T07:06:15.907677,0.225,0.77,0.995
2025-12-11T07:06:16.510467,0.23,0.77,1.0
2025-12-11T07:06:17.120146,0.225,0.77,0.995
2025-12-11T07:06:17.730742,0.23,0.77,1.0
2025-12-11T07:06:18.341726,0.23,0.77,1.0
2025-12-11T07:06:18.957914,0.225,0.775,1.0
2025-12-11T07:06:19.564457,0.215,0.785,1.0
2025-12-11T07:06:20.167319,0.215,0.785,1.0
2025-12-11T07:06:20.763603,0.215,0.785,1.0
2025-12-11T07:06:19.804984,0.205,0.795,1.0
2025-12-11T07:06:20.413868,0.215,0.785,1.0
2025-12-11T07:06:21.020506,0.215,0.785,1.0
2025-12-11T07:06:21.625309,0.215,0.785,1.0
2025-12-11T07:06:22.233360,0.215,0.785,1.0
2025-12-11T07:06:22.830368,0.215,0.785,1.0
2025-12-11T07:06:23.432629,0.215,0.785,1.0
2025-12-11T07:06:24.032425,0.215,0.785,1.0
2025-12-11T07:06:24.644590,0.215,0.785,1.0
2025-12-11T07:06:25.244797,0.215,0.785,1.0
2025-12-11T07:06:25.849764,0.215,0.785,1.0
2025-12-11T07:06:26.447142,0.215,0.79,1.0050000000000001
2025-12-11T07:06:27.049029,0.205,0.795,1.0
2025-12-11T07:06:27.643303,0.205,0.795,1.0
2025-12-11T07:06:28.244907,0.205,0.795,1.0
2025-12-11T07:06:28.843583,0.205,0.795,1.0
2025-12-11T07:06:29.442425,0.205,0.795,1.0
2025-12-11T07:06:30.050133,0.205,0.795,1.0
2025-12-11T07:06:30.648444,0.205,0.795,1.0
2025-12-11T07:06:31.245263,0.195,0.805,1.0
2025-12-11T07:06:31.850165,0.195,0.805,1.0
2025-12-11T07:06:32.461117,0.195,0.805,1.0
2025-12-11T07:06:33.068349,0.19,0.81,1.0
2025-12-11T07:06:33.675081,0.195,0.805,1.0
2025-12-11T07:06:34.277493,0.195,0.81,1.0050000000000001
2025-12-11T07:06:34.878126,0.185,0.815,1.0
2025-12-11T07:06:35.496301,0.185,0.815,1.0
2025-12-11T07:06:36.094717,0.185,0.815,1.0
2025-12-11T07:06:36.697346,0.185,0.815,1.0
2025-12-11T07:06:37.310528,0.195,0.805,1.0
2025-12-11T07:06:37.913753,0.195,0.805,1.0
2025-12-11T07:06:38.509123,0.185,0.815,1.0
2025-12-11T07:06:39.114036,0.185,0.815,1.0
2025-12-11T07:06:39.714584,0.185,0.815,1.0
2025-12-11T07:06:40.322468,0.195,0.805,1.0
2025-12-11T07:06:40.932022,0.195,0.805,1.0
2025-12-11T07:06:41.532943,0.195,0.805,1.0
2025-12-11T07:06:42.133570,0.195,0.805,1.0
2025-12-11T07:06:42.742489,0.195,0.805,1.0
2025-12-11T07:06:43.343864,0.195,0.805,1.0
2025-12-11T07:06:43.942986,0.195,0.805,1.0
2025-12-11T07:06:44.547666,0.195,0.805,1.0
2025-12-11T07:06:45.146783,0.185,0.815,1.0
2025-12-11T07:06:45.751484,0.195,0.805,1.0
2025-12-11T07:06:46.356701,0.195,0.805,1.0
2025-12-11T07:06:46.959774,0.195,0.805,1.0
2025-12-11T07:06:47.565152,0.195,0.805,1.0
2025-12-11T07:06:48.160813,0.195,0.805,1.0
2025-12-11T07:06:48.762603,0.195,0.805,1.0
2025-12-11T07:06:49.356240,0.195,0.805,1.0
2025-12-11T07:06:49.948905,0.195,0.805,1.0
2025-12-11T07:06:50.553950,0.195,0.805,1.0
2025-12-11T07:06:51.166022,0.195,0.805,1.0
2025-12-11T07:06:50.200984,0.195,0.805,1.0
2025-12-11T07:06:50.800751,0.19,0.81,1.0
2025-12-11T07:06:51.407202,0.195,0.805,1.0
2025-12-11T07:06:52.004714,0.195,0.805,1.0
2025-12-11T07:06:52.607449,0.195,0.805,1.0
2025-12-11T07:06:53.209917,0.195,0.805,1.0
2025-12-11T07:06:53.814040,0.195,0.805,1.0
2025-12-11T07:06:54.417275,0.195,0.805,1.0
2025-12-11T07:06:55.010941,0.195,0.805,1.0
2025-12-11T07:06:55.610690,0.195,0.805,1.0
2025-12-11T07:06:56.217845,0.195,0.805,1.0
2025-12-11T07:06:56.815560,0.195,0.805,1.0
2025-12-11T07:06:57.416215,0.195,0.805,1.0
2025-12-11T07:06:58.018044,0.195,0.805,1.0
2025-12-11T07:06:58.612230,0.195,0.805,1.0
2025-12-11T07:06:59.216452,0.195,0.805,1.0
2025-12-11T07:06:59.820696,0.195,0.805,1.0
2025-12-11T07:07:00.417683,0.195,0.805,1.0
2025-12-11T07:07:01.071067,0.19,0.81,1.0
2025-12-11T07:07:01.682408,0.19,0.81,1.0
2025-12-11T07:07:02.297748,0.185,0.815,1.0
2025-12-11T07:07:02.909626,0.165,0.835,1.0
2025-12-11T07:07:03.507554,0.165,0.835,1.0
2025-12-11T07:07:04.115700,0.165,0.835,1.0
2025-12-11T07:07:04.709102,0.165,0.835,1.0
2025-12-11T07:07:05.308735,0.165,0.835,1.0
2025-12-11T07:07:05.928877,0.165,0.835,1.0
2025-12-11T07:07:06.546895,0.165,0.835,1.0
2025-12-11T07:07:07.151790,0.165,0.835,1.0
2025-12-11T07:07:07.757718,0.165,0.835,1.0
2025-12-11T07:07:08.358429,0.165,0.835,1.0
2025-12-11T07:07:08.965568,0.165,0.835,1.0
2025-12-11T07:07:09.567734,0.165,0.835,1.0
2025-12-11T07:07:10.168077,0.165,0.835,1.0
2025-12-11T07:07:10.770879,0.165,0.835,1.0
2025-12-11T07:07:11.372809,0.165,0.835,1.0
2025-12-11T07:07:11.966281,0.165,0.835,1.0
2025-12-11T07:07:12.567811,0.165,0.835,1.0
2025-12-11T07:07:13.165828,0.165,0.835,1.0
2025-12-11T07:07:13.784292,0.165,0.835,1.0
2025-12-11T07:07:14.391759,0.185,0.815,1.0
2025-12-11T07:07:14.987503,0.185,0.815,1.0
2025-12-11T07:07:15.580977,0.18,0.815,0.9949999999999999
2025-12-11T07:07:16.183932,0.175,0.825,1.0
2025-12-11T07:07:16.795692,0.185,0.815,1.0
2025-12-11T07:07:17.401511,0.185,0.815,1.0
2025-12-11T07:07:18.002494,0.19,0.81,1.0
2025-12-11T07:07:18.601856,0.195,0.805,1.0
2025-12-11T07:07:19.197007,0.195,0.805,1.0
2025-12-11T07:07:19.795384,0.195,0.805,1.0
2025-12-11T07:07:20.400606,0.195,0.805,1.0
2025-12-11T07:07:20.997012,0.235,0.765,1.0
2025-12-11T07:07:21.601448,0.225,0.775,1.0
2025-12-11T07:07:20.664843,0.225,0.775,1.0
2025-12-11T07:07:21.265280,0.235,0.765,1.0
2025-12-11T07:07:22.101169,0.245,0.755,1.0
2025-12-11T07:07:22.708239,0.24,0.76,1.0
2025-12-11T07:07:23.309774,0.235,0.765,1.0
2025-12-11T07:07:23.913414,0.235,0.765,1.0
2025-12-11T07:07:24.518156,0.235,0.765,1.0
2025-12-11T07:07:25.120186,0.235,0.765,1.0
2025-12-11T07:07:25.721680,0.235,0.765,1.0
2025-12-11T07:07:26.327720,0.235,0.765,1.0
2025-12-11T07:07:26.928125,0.235,0.765,1.0
2025-12-11T07:07:27.530555,0.235,0.765,1.0
2025-12-11T07:07:28.130821,0.235,0.765,1.0
2025-12-11T07:07:28.731149,0.245,0.755,1.0
2025-12-11T07:07:29.337538,0.245,0.755,1.0
2025-12-11T07:07:29.949633,0.24,0.76,1.0
2025-12-11T07:07:30.546183,0.24,0.76,1.0
2025-12-11T07:07:31.148171,0.24,0.76,1.0
2025-12-11T07:07:31.747065,0.235,0.765,1.0
2025-12-11T07:07:32.350964,0.235,0.765,1.0
2025-12-11T07:07:32.955944,0.255,0.745,1.0
2025-12-11T07:07:33.556625,0.235,0.765,1.0
2025-12-11T07:07:34.155096,0.235,0.765,1.0
2025-12-11T07:07:34.757376,0.235,0.765,1.0
2025-12-11T07:07:35.350194,0.235,0.765,1.0
2025-12-11T07:07:35.968586,0.235,0.765,1.0
2025-12-11T07:07:36.570144,0.235,0.765,1.0
2025-12-11T07:07:37.179129,0.235,0.765,1.0
2025-12-11T07:07:37.781781,0.235,0.765,1.0
2025-12-11T07:07:38.381394,0.235,0.765,1.0
2025-12-11T07:07:38.973994,0.235,0.765,1.0
2025-12-11T07:07:39.577061,0.235,0.765,1.0
2025-12-11T07:07:40.181498,0.235,0.765,1.0
2025-12-11T07:07:40.783393,0.235,0.765,1.0
2025-12-11T07:07:41.391229,0.235,0.765,1.0
2025-12-11T07:07:42.002172,0.235,0.765,1.0
2025-12-11T07:07:42.612968,0.235,0.765,1.0
2025-12-11T07:07:43.204763,0.235,0.765,1.0
2025-12-11T07:07:43.805669,0.235,0.765,1.0
2025-12-11T07:07:44.409346,0.235,0.765,1.0
2025-12-11T07:07:45.018699,0.235,0.765,1.0
2025-12-11T07:07:45.630595,0.235,0.765,1.0
2025-12-11T07:07:46.225830,0.235,0.765,1.0
2025-12-11T07:07:46.832507,0.235,0.765,1.0
2025-12-11T07:07:47.445397,0.235,0.765,1.0
2025-12-11T07:07:48.048953,0.235,0.765,1.0
2025-12-11T07:07:48.640446,0.235,0.765,1.0
2025-12-11T07:07:49.241812,0.225,0.775,1.0
2025-12-11T07:07:49.836822,0.225,0.775,1.0
2025-12-11T07:07:50.432850,0.225,0.775,1.0
2025-12-11T07:07:51.038001,0.225,0.775,1.0
2025-12-11T07:07:51.635235,0.225,0.775,1.0
2025-12-11T07:07:52.236123,0.225,0.775,1.0
2025-12-11T07:07:51.282824,0.235,0.765,1.0
2025-12-11T07:07:51.879031,0.235,0.765,1.0
2025-12-11T07:07:52.487476,0.23,0.77,1.0
2025-12-11T07:07:53.094855,0.23,0.77,1.0
2025-12-11T07:07:53.716787,0.23,0.77,1.0
2025-12-11T07:07:54.329997,0.23,0.77,1.0
2025-12-11T07:07:54.929651,0.23,0.77,1.0
2025-12-11T07:07:55.534093,0.23,0.77,1.0
2025-12-11T07:07:56.145185,0.23,0.77,1.0
2025-12-11T07:07:56.760596,0.225,0.775,1.0
2025-12-11T07:07:57.380515,0.225,0.775,1.0
2025-12-11T07:07:57.984451,0.225,0.775,1.0
2025-12-11T07:07:58.633782,0.23,0.775,1.0050000000000001
2025-12-11T07:07:59.243054,0.225,0.775,1.0
2025-12-11T07:07:59.852906,0.225,0.775,1.0
2025-12-11T07:08:00.452609,0.225,0.775,1.0
2025-12-11T07:08:01.055112,0.225,0.775,1.0
2025-12-11T07:08:01.665834,0.225,0.775,1.0
2025-12-11T07:08:02.282769,0.225,0.775,1.0
2025-12-11T07:08:02.887231,0.225,0.775,1.0
2025-12-11T07:08:03.499165,0.215,0.785,1.0
2025-12-11T07:08:04.112191,0.215,0.785,1.0
2025-12-11T07:08:04.715956,0.205,0.795,1.0
2025-12-11T07:08:05.314935,0.205,0.795,1.0
2025-12-11T07:08:05.924939,0.205,0.795,1.0
2025-12-11T07:08:06.520666,0.205,0.795,1.0
2025-12-11T07:08:07.135539,0.205,0.795,1.0
2025-12-11T07:08:07.744107,0.205,0.795,1.0
2025-12-11T07:08:08.356983,0.205,0.795,1.0
2025-12-11T07:08:08.967893,0.205,0.795,1.0
2025-12-11T07:08:09.571005,0.205,0.795,1.0
2025-12-11T07:08:10.184430,0.205,0.795,1.0
2025-12-11T07:08:10.784365,0.205,0.795,1.0
2025-12-11T07:08:11.381499,0.205,0.795,1.0
2025-12-11T07:08:11.981112,0.205,0.795,1.0
2025-12-11T07:08:12.588139,0.195,0.805,1.0
2025-12-11T07:08:13.195297,0.195,0.805,1.0
2025-12-11T07:08:13.796649,0.185,0.815,1.0
2025-12-11T07:08:14.390931,0.185,0.815,1.0
2025-12-11T07:08:14.991125,0.185,0.815,1.0
2025-12-11T07:08:15.594935,0.185,0.815,1.0
2025-12-11T07:08:16.191465,0.17,0.83,1.0
2025-12-11T07:08:16.791207,0.17,0.83,1.0
2025-12-11T07:08:17.392727,0.17,0.83,1.0
2025-12-11T07:08:17.990799,0.17,0.83,1.0
2025-12-11T07:08:18.586148,0.17,0.83,1.0
2025-12-11T07:08:19.189182,0.175,0.825,1.0
2025-12-11T07:08:19.799767,0.175,0.825,1.0
2025-12-11T07:08:20.395841,0.18,0.82,1.0
2025-12-11T07:08:21.009721,0.18,0.81,0.99
2025-12-11T07:08:21.614720,0.185,0.825,1.01
2025-12-11T07:08:22.214201,0.165,0.835,1.0
2025-12-11T07:08:22.817315,0.16,0.84,1.0
2025-12-11T07:08:23.421778,0.155,0.84,0.995
2025-12-11T07:08:22.476612,0.165,0.835,1.0
2025-12-11T07:08:23.091538,0.17,0.83,1.0
2025-12-11T07:08:23.687167,0.17,0.83,1.0
2025-12-11T07:08:24.291828,0.17,0.83,1.0
2025-12-11T07:08:24.902270,0.17,0.835,1.005
2025-12-11T07:08:25.512638,0.165,0.835,1.0
2025-12-11T07:08:26.119812,0.165,0.835,1.0
2025-12-11T07:08:26.721185,0.165,0.835,1.0
2025-12-11T07:08:27.333478,0.165,0.835,1.0
2025-12-11T07:08:27.925269,0.165,0.835,1.0
2025-12-11T07:08:28.539241,0.175,0.825,1.0
2025-12-11T07:08:29.139877,0.165,0.84,1.005
2025-12-11T07:08:29.758633,0.155,0.845,1.0
2025-12-11T07:08:30.355629,0.155,0.845,1.0
2025-12-11T07:08:30.969902,0.155,0.845,1.0
2025-12-11T07:08:31.582246,0.165,0.835,1.0
2025-12-11T07:08:32.187635,0.16,0.84,1.0
2025-12-11T07:08:32.797407,0.16,0.84,1.0
2025-12-11T07:08:33.416845,0.16,0.84,1.0
2025-12-11T07:08:34.015890,0.16,0.84,1.0
2025-12-11T07:08:34.624504,0.16,0.84,1.0
2025-12-11T07:08:35.225602,0.16,0.84,1.0
2025-12-11T07:08:35.828916,0.145,0.855,1.0
2025-12-11T07:08:36.429158,0.145,0.855,1.0
2025-12-11T07:08:37.037943,0.145,0.855,1.0
2025-12-11T07:08:37.652061,0.145,0.855,1.0
2025-12-11T07:08:38.258547,0.145,0.855,1.0
2025-12-11T07:08:38.854459,0.145,0.855,1.0
2025-12-11T07:08:39.467243,0.145,0.855,1.0
2025-12-11T07:08:40.070949,0.145,0.855,1.0
2025-12-11T07:08:40.673104,0.145,0.855,1.0
2025-12-11T07:08:41.269887,0.145,0.855,1.0
2025-12-11T07:08:41.868685,0.145,0.855,1.0
2025-12-11T07:08:42.472226,0.145,0.855,1.0
2025-12-11T07:08:43.076332,0.145,0.855,1.0
2025-12-11T07:08:43.676418,0.145,0.855,1.0
2025-12-11T07:08:44.275680,0.145,0.855,1.0
2025-12-11T07:08:44.887545,0.145,0.855,1.0
2025-12-11T07:08:45.502056,0.145,0.855,1.0
2025-12-11T07:08:46.101760,0.145,0.855,1.0
2025-12-11T07:08:46.700338,0.145,0.855,1.0
2025-12-11T07:08:47.297072,0.145,0.855,1.0
2025-12-11T07:08:47.900671,0.145,0.855,1.0
2025-12-11T07:08:48.511064,0.145,0.855,1.0
2025-12-11T07:08:49.118074,0.145,0.855,1.0
2025-12-11T07:08:49.729694,0.145,0.855,1.0
2025-12-11T07:08:50.346821,0.145,0.855,1.0
2025-12-11T07:08:50.953658,0.145,0.855,1.0
2025-12-11T07:08:51.564715,0.145,0.855,1.0
2025-12-11T07:08:52.184835,0.175,0.825,1.0
2025-12-11T07:08:52.800294,0.175,0.825,1.0
2025-12-11T07:08:53.400688,0.185,0.815,1.0
2025-12-11T07:08:54.004204,0.215,0.785,1.0
2025-12-11T07:08:53.042559,0.245,0.755,1.0
2025-12-11T07:08:53.647827,0.245,0.755,1.0
2025-12-11T07:08:54.257438,0.245,0.755,1.0
2025-12-11T07:08:54.852236,0.235,0.765,1.0
2025-12-11T07:08:55.457990,0.235,0.765,1.0
2025-12-11T07:08:56.057405,0.265,0.735,1.0
2025-12-11T07:08:56.667273,0.26,0.74,1.0
2025-12-11T07:08:57.264729,0.265,0.735,1.0
2025-12-11T07:08:57.862660,0.265,0.735,1.0
2025-12-11T07:08:58.475347,0.265,0.735,1.0
2025-12-11T07:08:59.069398,0.265,0.735,1.0
2025-12-11T07:08:59.667228,0.265,0.735,1.0
2025-12-11T07:09:00.276249,0.265,0.735,1.0
2025-12-11T07:09:00.874617,0.265,0.74,1.005
2025-12-11T07:09:01.480686,0.26,0.735,0.995
2025-12-11T07:09:02.088194,0.26,0.74,1.0
2025-12-11T07:09:02.692833,0.265,0.735,1.0
2025-12-11T07:09:03.291279,0.245,0.755,1.0
2025-12-11T07:09:03.891354,0.25,0.75,1.0
2025-12-11T07:09:04.492446,0.255,0.745,1.0
2025-12-11T07:09:05.090604,0.25,0.75,1.0
2025-12-11T07:09:05.688691,0.25,0.75,1.0
2025-12-11T07:09:06.296929,0.25,0.75,1.0
2025-12-11T07:09:06.906742,0.25,0.75,1.0
2025-12-11T07:09:07.520224,0.245,0.755,1.0
2025-12-11T07:09:08.120654,0.245,0.755,1.0
2025-12-11T07:09:08.730270,0.245,0.755,1.0
2025-12-11T07:09:09.332620,0.245,0.755,1.0
2025-12-11T07:09:09.957113,0.245,0.755,1.0
2025-12-11T07:09:10.560527,0.255,0.745,1.0
2025-12-11T07:09:11.167344,0.255,0.745,1.0
2025-12-11T07:09:11.770743,0.255,0.745,1.0
2025-12-11T07:09:12.368016,0.245,0.755,1.0
2025-12-11T07:09:12.984843,0.245,0.76,1.005
2025-12-11T07:09:13.583275,0.24,0.76,1.0
2025-12-11T07:09:14.181058,0.245,0.755,1.0
2025-12-11T07:09:14.784044,0.25,0.75,1.0
2025-12-11T07:09:15.386050,0.25,0.75,1.0
2025-12-11T07:09:15.990275,0.25,0.75,1.0
2025-12-11T07:09:16.593065,0.25,0.75,1.0
2025-12-11T07:09:17.244692,0.245,0.755,1.0
2025-12-11T07:09:17.844074,0.245,0.755,1.0
2025-12-11T07:09:18.453328,0.245,0.755,1.0
2025-12-11T07:09:19.054533,0.255,0.745,1.0
2025-12-11T07:09:19.655936,0.255,0.745,1.0
2025-12-11T07:09:20.258900,0.255,0.745,1.0
2025-12-11T07:09:20.857459,0.255,0.745,1.0
2025-12-11T07:09:21.464170,0.255,0.745,1.0
2025-12-11T07:09:22.069492,0.255,0.745,1.0
2025-12-11T07:09:22.670109,0.255,0.745,1.0
2025-12-11T07:09:23.295516,0.255,0.745,1.0
2025-12-11T07:09:23.896668,0.255,0.745,1.0
2025-12-11T07:09:24.504692,0.25,0.75,1.0
2025-12-11T07:09:23.544810,0.25,0.75,1.0
2025-12-11T07:09:24.149789,0.255,0.745,1.0
2025-12-11T07:09:24.755339,0.255,0.745,1.0
2025-12-11T07:09:25.368192,0.26,0.74,1.0
2025-12-11T07:09:25.971362,0.265,0.735,1.0
2025-12-11T07:09:26.580211,0.265,0.735,1.0
2025-12-11T07:09:27.198462,0.265,0.735,1.0
2025-12-11T07:09:27.805917,0.265,0.735,1.0
2025-12-11T07:09:28.409957,0.26,0.74,1.0
2025-12-11T07:09:29.011521,0.26,0.74,1.0
2025-12-11T07:09:29.615790,0.26,0.74,1.0
2025-12-11T07:09:30.207040,0.26,0.74,1.0
2025-12-11T07:09:30.812008,0.26,0.74,1.0
2025-12-11T07:09:31.408925,0.26,0.74,1.0
2025-12-11T07:09:32.005757,0.255,0.745,1.0
2025-12-11T07:09:32.609471,0.265,0.735,1.0
2025-12-11T07:09:33.214197,0.26,0.74,1.0
2025-12-11T07:09:33.822930,0.265,0.735,1.0
2025-12-11T07:09:34.428557,0.275,0.725,1.0
2025-12-11T07:09:35.039653,0.275,0.73,1.005
2025-12-11T07:09:35.652517,0.275,0.725,1.0
2025-12-11T07:09:36.250332,0.285,0.715,1.0
2025-12-11T07:09:36.861553,0.285,0.715,1.0
2025-12-11T07:09:37.467229,0.285,0.715,1.0
2025-12-11T07:09:38.078013,0.275,0.725,1.0
2025-12-11T07:09:38.673078,0.275,0.725,1.0
2025-12-11T07:09:39.279921,0.275,0.725,1.0
2025-12-11T07:09:39.882726,0.275,0.725,1.0
2025-12-11T07:09:40.491139,0.27,0.73,1.0
2025-12-11T07:09:41.101483,0.27,0.73,1.0
2025-12-11T07:09:41.700995,0.275,0.725,1.0
2025-12-11T07:09:42.302847,0.275,0.725,1.0
2025-12-11T07:09:42.909929,0.275,0.725,1.0
2025-12-11T07:09:43.516883,0.275,0.725,1.0
2025-12-11T07:09:44.123840,0.275,0.725,1.0
2025-12-11T07:09:44.724958,0.275,0.725,1.0
2025-12-11T07:09:45.325539,0.275,0.725,1.0
2025-12-11T07:09:45.925273,0.275,0.725,1.0
2025-12-11T07:09:46.590139,0.275,0.725,1.0
2025-12-11T07:09:47.205145,0.275,0.725,1.0
2025-12-11T07:09:47.816775,0.28,0.72,1.0
2025-12-11T07:09:48.423347,0.275,0.725,1.0
2025-12-11T07:09:49.035135,0.275,0.725,1.0
2025-12-11T07:09:49.641837,0.275,0.725,1.0
2025-12-11T07:09:50.240692,0.275,0.725,1.0
2025-12-11T07:09:50.847782,0.275,0.725,1.0
2025-12-11T07:09:51.453697,0.275,0.725,1.0
2025-12-11T07:09:52.057927,0.285,0.715,1.0
2025-12-11T07:09:52.660236,0.285,0.715,1.0
2025-12-11T07:09:53.266044,0.285,0.715,1.0
2025-12-11T07:09:53.871353,0.285,0.715,1.0
2025-12-11T07:09:54.472049,0.285,0.715,1.0
2025-12-11T07:09:55.076722,0.285,0.715,1.0
2025-12-11T07:09:54.100751,0.285,0.715,1.0
2025-12-11T07:09:54.698963,0.285,0.715,1.0
2025-12-11T07:09:55.311754,0.285,0.715,1.0
2025-12-11T07:09:55.915271,0.285,0.715,1.0
2025-12-11T07:09:56.512286,0.285,0.715,1.0
2025-12-11T07:09:57.112547,0.26,0.745,1.005
2025-12-11T07:09:57.740397,0.255,0.755,1.01
2025-12-11T07:09:58.346805,0.245,0.755,1.0
2025-12-11T07:09:58.950027,0.235,0.765,1.0
2025-12-11T07:09:59.562324,0.235,0.765,1.0
2025-12-11T07:10:00.163993,0.24,0.765,1.005
2025-12-11T07:10:00.768503,0.235,0.765,1.0
2025-12-11T07:10:01.373468,0.235,0.765,1.0
2025-12-11T07:10:01.973773,0.235,0.765,1.0
2025-12-11T07:10:02.572865,0.235,0.765,1.0
2025-12-11T07:10:03.166002,0.235,0.765,1.0
2025-12-11T07:10:03.772084,0.225,0.775,1.0
2025-12-11T07:10:04.387800,0.225,0.775,1.0
2025-12-11T07:10:04.991017,0.215,0.785,1.0
2025-12-11T07:10:05.596375,0.215,0.785,1.0
2025-12-11T07:10:06.201324,0.215,0.785,1.0
2025-12-11T07:10:06.804961,0.215,0.785,1.0
2025-12-11T07:10:07.405208,0.215,0.785,1.0
2025-12-11T07:10:08.012300,0.215,0.785,1.0
2025-12-11T07:10:08.623107,0.215,0.785,1.0
2025-12-11T07:10:09.238002,0.215,0.785,1.0
2025-12-11T07:10:09.859894,0.21,0.79,1.0
2025-12-11T07:10:10.465431,0.21,0.79,1.0
2025-12-11T07:10:11.075809,0.21,0.79,1.0
2025-12-11T07:10:11.676819,0.21,0.785,0.995
2025-12-11T07:10:12.278482,0.225,0.775,1.0
2025-12-11T07:10:12.893613,0.235,0.765,1.0
2025-12-11T07:10:13.506818,0.235,0.765,1.0
2025-12-11T07:10:14.121740,0.235,0.765,1.0
2025-12-11T07:10:14.735700,0.235,0.765,1.0
2025-12-11T07:10:15.329532,0.235,0.765,1.0
2025-12-11T07:10:15.939841,0.235,0.765,1.0
2025-12-11T07:10:16.555387,0.235,0.765,1.0
2025-12-11T07:10:17.162714,0.225,0.775,1.0
2025-12-11T07:10:17.765376,0.23,0.77,1.0
2025-12-11T07:10:18.379712,0.23,0.77,1.0
2025-12-11T07:10:18.982986,0.23,0.77,1.0
2025-12-11T07:10:19.597335,0.23,0.77,1.0
2025-12-11T07:10:20.205189,0.23,0.77,1.0
2025-12-11T07:10:20.813194,0.235,0.765,1.0
2025-12-11T07:10:21.425110,0.225,0.775,1.0
2025-12-11T07:10:22.028915,0.22,0.78,1.0
2025-12-11T07:10:22.640525,0.225,0.775,1.0
2025-12-11T07:10:23.249144,0.225,0.775,1.0
2025-12-11T07:10:23.863497,0.22,0.78,1.0
2025-12-11T07:10:24.467799,0.225,0.77,0.995
2025-12-11T07:10:25.095179,0.23,0.77,1.0
2025-12-11T07:10:25.708044,0.225,0.775,1.0
2025-12-11T07:10:24.788401,0.225,0.775,1.0
2025-12-11T07:10:25.424148,0.225,0.775,1.0
2025-12-11T07:10:26.033777,0.22,0.78,1.0
2025-12-11T07:10:26.625964,0.22,0.78,1.0
2025-12-11T07:10:27.235564,0.22,0.78,1.0
2025-12-11T07:10:27.857813,0.22,0.78,1.0
2025-12-11T07:10:28.469975,0.22,0.78,1.0
2025-12-11T07:10:29.077237,0.225,0.775,1.0
2025-12-11T07:10:29.672076,0.225,0.775,1.0
2025-12-11T07:10:30.282688,0.22,0.78,1.0
2025-12-11T07:10:30.890867,0.22,0.78,1.0
2025-12-11T07:10:31.500900,0.225,0.775,1.0
2025-12-11T07:10:32.111817,0.225,0.775,1.0
2025-12-11T07:10:32.732467,0.225,0.775,1.0
2025-12-11T07:10:33.329017,0.225,0.775,1.0
2025-12-11T07:10:33.933047,0.225,0.775,1.0
2025-12-11T07:10:34.545556,0.225,0.775,1.0
2025-12-11T07:10:35.149733,0.215,0.785,1.0
2025-12-11T07:10:35.752723,0.215,0.785,1.0
2025-12-11T07:10:36.363723,0.215,0.785,1.0
2025-12-11T07:10:36.976183,0.215,0.785,1.0
2025-12-11T07:10:37.574146,0.205,0.795,1.0
2025-12-11T07:10:38.191241,0.205,0.795,1.0
2025-12-11T07:10:38.792901,0.21,0.79,1.0
2025-12-11T07:10:39.407549,0.21,0.79,1.0
2025-12-11T07:10:40.014818,0.21,0.79,1.0
2025-12-11T07:10:40.624756,0.205,0.795,1.0
2025-12-11T07:10:41.236814,0.205,0.795,1.0
2025-12-11T07:10:41.852832,0.205,0.795,1.0
2025-12-11T07:10:42.469659,0.21,0.79,1.0
2025-12-11T07:10:43.089732,0.21,0.79,1.0
2025-12-11T07:10:43.687586,0.21,0.79,1.0
2025-12-11T07:10:44.297490,0.205,0.795,1.0
2025-12-11T07:10:44.909124,0.2,0.8,1.0
2025-12-11T07:10:45.517238,0.195,0.805,1.0
2025-12-11T07:10:46.120101,0.205,0.79,0.995
2025-12-11T07:10:46.730427,0.225,0.775,1.0
2025-12-11T07:10:47.348969,0.195,0.805,1.0
2025-12-11T07:10:47.969446,0.205,0.795,1.0
2025-12-11T07:10:48.585824,0.205,0.795,1.0
2025-12-11T07:10:49.190708,0.185,0.805,0.99
2025-12-11T07:10:49.797292,0.2,0.8,1.0
2025-12-11T07:10:50.409123,0.205,0.795,1.0
2025-12-11T07:10:51.016704,0.19,0.81,1.0
2025-12-11T07:10:51.623306,0.185,0.815,1.0
2025-12-11T07:10:52.237698,0.2,0.8,1.0
2025-12-11T07:10:52.854825,0.2,0.8,1.0
2025-12-11T07:10:53.466166,0.195,0.805,1.0
2025-12-11T07:10:54.072816,0.185,0.815,1.0
2025-12-11T07:10:54.690606,0.185,0.815,1.0
2025-12-11T07:10:55.303250,0.195,0.8,0.9950000000000001
2025-12-11T07:10:55.904218,0.185,0.815,1.0
2025-12-11T07:10:56.518288,0.185,0.81,0.9950000000000001
2025-12-11T07:10:55.574336,0.19,0.81,1.0
2025-12-11T07:10:56.184529,0.19,0.81,1.0
2025-12-11T07:10:56.798726,0.195,0.805,1.0
2025-12-11T07:10:57.398815,0.195,0.805,1.0
2025-12-11T07:10:57.996576,0.19,0.81,1.0
2025-12-11T07:10:58.605063,0.19,0.81,1.0
2025-12-11T07:10:59.217189,0.19,0.81,1.0
2025-12-11T07:10:59.825717,0.195,0.805,1.0
2025-12-11T07:11:00.460166,0.175,0.825,1.0
2025-12-11T07:11:01.067680,0.175,0.825,1.0
2025-12-11T07:11:01.680052,0.145,0.86,1.005
2025-12-11T07:11:02.281735,0.135,0.865,1.0
2025-12-11T07:11:02.905871,0.125,0.875,1.0
2025-12-11T07:11:03.518900,0.12,0.88,1.0
2025-12-11T07:11:04.132902,0.12,0.88,1.0
2025-12-11T07:11:04.734256,0.11,0.89,1.0
2025-12-11T07:11:05.337360,0.115,0.885,1.0
2025-12-11T07:11:05.940629,0.115,0.885,1.0
2025-12-11T07:11:06.548333,0.105,0.895,1.0
2025-12-11T07:11:07.157078,0.11,0.89,1.0
2025-12-11T07:11:07.766714,0.115,0.89,1.0050000000000001
2025-12-11T07:11:08.367302,0.105,0.895,1.0
2025-12-11T07:11:08.971982,0.105,0.895,1.0
2025-12-11T07:11:09.580245,0.11,0.89,1.0
2025-12-11T07:11:10.200858,0.11,0.89,1.0
2025-12-11T07:11:10.803811,0.11,0.89,1.0
2025-12-11T07:11:11.405483,0.11,0.89,1.0
2025-12-11T07:11:12.012690,0.11,0.89,1.0
2025-12-11T07:11:12.617467,0.105,0.895,1.0
2025-12-11T07:11:13.224737,0.105,0.895,1.0
2025-12-11T07:11:13.843774,0.105,0.895,1.0
2025-12-11T07:11:14.452215,0.115,0.885,1.0
2025-12-11T07:11:15.058775,0.125,0.875,1.0
2025-12-11T07:11:15.664962,0.125,0.865,0.99
2025-12-11T07:11:16.269933,0.135,0.865,1.0
2025-12-11T07:11:16.877410,0.135,0.865,1.0
2025-12-11T07:11:17.486258,0.13,0.87,1.0
2025-12-11T07:11:18.104337,0.13,0.87,1.0
2025-12-11T07:11:18.711802,0.13,0.87,1.0
2025-12-11T07:11:19.320679,0.135,0.865,1.0
2025-12-11T07:11:19.929768,0.13,0.87,1.0
2025-12-11T07:11:20.538055,0.13,0.87,1.0
2025-12-11T07:11:21.140614,0.135,0.865,1.0
2025-12-11T07:11:21.748901,0.135,0.865,1.0
2025-12-11T07:11:22.354060,0.135,0.865,1.0
2025-12-11T07:11:22.956246,0.14,0.86,1.0
2025-12-11T07:11:23.564952,0.135,0.865,1.0
2025-12-11T07:11:24.171503,0.13,0.87,1.0
2025-12-11T07:11:24.778185,0.125,0.875,1.0
2025-12-11T07:11:25.381852,0.125,0.875,1.0
2025-12-11T07:11:25.986310,0.125,0.87,0.995
2025-12-11T07:11:26.593899,0.135,0.865,1.0
2025-12-11T07:11:27.188717,0.135,0.865,1.0
2025-12-11T07:11:26.222021,0.13,0.87,1.0
2025-12-11T07:11:26.822900,0.13,0.87,1.0
2025-12-11T07:11:27.432540,0.13,0.87,1.0
2025-12-11T07:11:28.035727,0.13,0.87,1.0
2025-12-11T07:11:28.647389,0.13,0.87,1.0
2025-12-11T07:11:29.249441,0.13,0.87,1.0
2025-12-11T07:11:29.865887,0.13,0.87,1.0
2025-12-11T07:11:30.474740,0.13,0.87,1.0
2025-12-11T07:11:31.079953,0.135,0.865,1.0
2025-12-11T07:11:31.676687,0.125,0.875,1.0
2025-12-11T07:11:32.277764,0.125,0.875,1.0
2025-12-11T07:11:32.883180,0.125,0.875,1.0
2025-12-11T07:11:33.494151,0.125,0.875,1.0
2025-12-11T07:11:34.102661,0.125,0.875,1.0
2025-12-11T07:11:34.709938,0.125,0.875,1.0
2025-12-11T07:11:35.318296,0.125,0.875,1.0
2025-12-11T07:11:35.930526,0.125,0.875,1.0
2025-12-11T07:11:36.543218,0.115,0.885,1.0
2025-12-11T07:11:37.156494,0.115,0.885,1.0
2025-12-11T07:11:37.761510,0.115,0.885,1.0
2025-12-11T07:11:38.362738,0.115,0.885,1.0
2025-12-11T07:11:38.961526,0.115,0.885,1.0
2025-12-11T07:11:39.569939,0.115,0.885,1.0
2025-12-11T07:11:40.194099,0.11,0.89,1.0
2025-12-11T07:11:40.799288,0.11,0.89,1.0
2025-12-11T07:11:41.428012,0.11,0.89,1.0
2025-12-11T07:11:42.034142,0.11,0.89,1.0
2025-12-11T07:11:42.634321,0.11,0.89,1.0
2025-12-11T07:11:43.242278,0.11,0.89,1.0
2025-12-11T07:11:43.844118,0.11,0.89,1.0
2025-12-11T07:11:44.439933,0.11,0.89,1.0
2025-12-11T07:11:45.039244,0.11,0.89,1.0
2025-12-11T07:11:45.644602,0.1,0.9,1.0
2025-12-11T07:11:46.247273,0.105,0.895,1.0
2025-12-11T07:11:46.842705,0.1,0.9,1.0
2025-12-11T07:11:47.452110,0.095,0.905,1.0
2025-12-11T07:11:48.056795,0.095,0.905,1.0
2025-12-11T07:11:48.665434,0.105,0.895,1.0
2025-12-11T07:11:49.268668,0.1,0.9,1.0
2025-12-11T07:11:49.879075,0.1,0.9,1.0
2025-12-11T07:11:50.489408,0.1,0.9,1.0
2025-12-11T07:11:51.094367,0.095,0.905,1.0
2025-12-11T07:11:51.694413,0.095,0.905,1.0
2025-12-11T07:11:52.305032,0.095,0.905,1.0
2025-12-11T07:11:52.908817,0.095,0.905,1.0
2025-12-11T07:11:53.517410,0.095,0.905,1.0
2025-12-11T07:11:54.118531,0.095,0.905,1.0
2025-12-11T07:11:54.715305,0.095,0.905,1.0
2025-12-11T07:11:55.326097,0.09,0.91,1.0
2025-12-11T07:11:55.931550,0.09,0.91,1.0
2025-12-11T07:11:56.534627,0.085,0.915,1.0
2025-12-11T07:11:57.133016,0.06,0.935,0.9950000000000001
2025-12-11T07:11:57.731345,0.065,0.945,1.01
2025-12-11T07:11:58.331693,0.065,0.935,1.0
2025-12-11T07:11:57.358934,0.045,0.955,1.0
2025-12-11T07:11:57.956014,0.055,0.94,0.995
2025-12-11T07:11:58.563243,0.06,0.94,1.0
2025-12-11T07:11:59.162335,0.045,0.955,1.0
2025-12-11T07:11:59.760637,0.04,0.96,1.0
2025-12-11T07:12:00.381481,0.04,0.96,1.0
2025-12-11T07:12:01.009537,0.045,0.955,1.0
2025-12-11T07:12:01.624688,0.045,0.955,1.0
2025-12-11T07:12:02.224618,0.04,0.96,1.0
2025-12-11T07:12:03.463086,0.045,0.955,1.0
2025-12-11T07:12:04.094743,0.045,0.935,0.9800000000000001
2025-12-11T07:12:04.721397,0.065,0.935,1.0
2025-12-11T07:12:05.397171,0.055,0.945,1.0
2025-12-11T07:12:06.018976,0.065,0.935,1.0
2025-12-11T07:12:06.651089,0.075,0.925,1.0
2025-12-11T07:12:07.271700,0.075,0.925,1.0
2025-12-11T07:12:07.906430,0.075,0.925,1.0
2025-12-11T07:12:08.566826,0.075,0.925,1.0
2025-12-11T07:12:09.186866,0.07,0.93,1.0
2025-12-11T07:12:09.821552,0.07,0.93,1.0
2025-12-11T07:12:10.437539,0.08,0.915,0.995
2025-12-11T07:12:11.061479,0.08,0.92,1.0
2025-12-11T07:12:11.686126,0.08,0.92,1.0
2025-12-11T07:12:12.300350,0.09,0.91,1.0
2025-12-11T07:12:12.911444,0.105,0.895,1.0
2025-12-11T07:12:13.536427,0.105,0.895,1.0
2025-12-11T07:12:14.157347,0.105,0.895,1.0
2025-12-11T07:12:14.790190,0.13,0.87,1.0
2025-12-11T07:12:15.407570,0.135,0.865,1.0
2025-12-11T07:12:16.052343,0.135,0.865,1.0
2025-12-11T07:12:16.673850,0.135,0.865,1.0
2025-12-11T07:12:17.300232,0.135,0.865,1.0
2025-12-11T07:12:18.055634,0.14,0.86,1.0
2025-12-11T07:12:18.691153,0.14,0.86,1.0
2025-12-11T07:12:19.303526,0.135,0.88,1.0150000000000001
2025-12-11T07:12:19.932426,0.135,0.865,1.0
2025-12-11T07:12:20.571755,0.135,0.845,0.98
2025-12-11T07:12:21.207791,0.165,0.835,1.0
2025-12-11T07:12:21.830569,0.165,0.835,1.0
2025-12-11T07:12:22.452079,0.16,0.84,1.0
2025-12-11T07:12:23.085747,0.15,0.855,1.005
2025-12-11T07:12:23.704169,0.145,0.855,1.0
2025-12-11T07:12:24.328448,0.145,0.855,1.0
2025-12-11T07:12:24.951188,0.135,0.865,1.0
2025-12-11T07:12:25.582259,0.14,0.86,1.0
2025-12-11T07:12:26.209417,0.14,0.86,1.0
2025-12-11T07:12:26.826906,0.145,0.845,0.99
2025-12-11T07:12:27.452477,0.155,0.845,1.0
2025-12-11T07:12:28.081945,0.155,0.845,1.0
2025-12-11T07:12:28.704307,0.155,0.845,1.0
2025-12-11T07:12:27.828531,0.155,0.845,1.0
2025-12-11T07:12:28.454304,0.175,0.825,1.0
2025-12-11T07:12:29.067001,0.17,0.835,1.005
2025-12-11T07:12:29.690380,0.155,0.845,1.0
2025-12-11T07:12:30.309902,0.155,0.845,1.0
2025-12-11T07:12:30.949116,0.155,0.845,1.0
2025-12-11T07:12:31.554543,0.155,0.845,1.0
2025-12-11T07:12:32.186839,0.155,0.845,1.0
2025-12-11T07:12:32.812448,0.145,0.855,1.0
2025-12-11T07:12:33.508277,0.145,0.855,1.0
2025-12-11T07:12:34.126986,0.145,0.855,1.0
2025-12-11T07:12:34.742825,0.135,0.865,1.0
2025-12-11T07:12:35.355955,0.14,0.86,1.0
2025-12-11T07:12:35.980569,0.14,0.86,1.0
2025-12-11T07:12:36.601647,0.135,0.865,1.0
2025-12-11T07:12:37.224195,0.135,0.865,1.0
2025-12-11T07:12:37.837295,0.135,0.865,1.0
2025-12-11T07:12:38.468379,0.135,0.865,1.0
2025-12-11T07:12:39.081929,0.135,0.865,1.0
2025-12-11T07:12:39.696348,0.135,0.865,1.0
2025-12-11T07:12:40.316723,0.155,0.84,0.995
2025-12-11T07:12:40.947374,0.165,0.835,1.0
2025-12-11T07:12:41.667651,0.16,0.845,1.005
2025-12-11T07:12:42.288082,0.155,0.845,1.0
2025-12-11T07:12:42.925012,0.16,0.84,1.0
2025-12-11T07:12:43.548654,0.155,0.845,1.0
2025-12-11T07:12:44.154810,0.155,0.845,1.0
2025-12-11T07:12:44.775325,0.155,0.845,1.0
2025-12-11T07:12:45.406700,0.16,0.84,1.0
2025-12-11T07:12:46.020895,0.16,0.84,1.0
2025-12-11T07:12:46.645573,0.16,0.84,1.0
2025-12-11T07:12:47.271411,0.16,0.84,1.0
2025-12-11T07:12:47.896878,0.155,0.845,1.0
2025-12-11T07:12:48.511788,0.155,0.845,1.0
2025-12-11T07:12:49.136896,0.155,0.845,1.0
2025-12-11T07:12:49.771619,0.165,0.845,1.01
2025-12-11T07:12:50.388881,0.15,0.85,1.0
2025-12-11T07:12:51.024965,0.15,0.85,1.0
2025-12-11T07:12:51.651768,0.15,0.85,1.0
2025-12-11T07:12:52.269643,0.15,0.85,1.0
2025-12-11T07:12:52.903388,0.145,0.855,1.0
2025-12-11T07:12:53.535297,0.145,0.855,1.0
2025-12-11T07:12:54.139508,0.145,0.855,1.0
2025-12-11T07:12:54.767627,0.145,0.855,1.0
2025-12-11T07:12:55.396601,0.135,0.865,1.0
2025-12-11T07:12:56.015246,0.135,0.865,1.0
2025-12-11T07:12:56.637152,0.135,0.865,1.0
2025-12-11T07:12:57.278822,0.135,0.865,1.0
2025-12-11T07:12:57.893933,0.135,0.86,0.995
2025-12-11T07:12:58.507797,0.14,0.86,1.0
2025-12-11T07:12:59.146392,0.14,0.86,1.0
2025-12-11T07:12:58.216425,0.14,0.86,1.0
2025-12-11T07:12:58.847212,0.145,0.855,1.0
2025-12-11T07:12:59.457470,0.145,0.855,1.0
2025-12-11T07:13:00.085571,0.145,0.855,1.0
2025-12-11T07:13:00.706489,0.135,0.865,1.0
2025-12-11T07:13:01.349664,0.13,0.87,1.0
2025-12-11T07:13:01.975633,0.125,0.875,1.0
2025-12-11T07:13:02.616096,0.125,0.875,1.0
2025-12-11T07:13:03.244474,0.135,0.865,1.0
2025-12-11T07:13:03.872669,0.195,0.805,1.0
2025-12-11T07:13:04.520123,0.205,0.795,1.0
2025-12-11T07:13:05.148438,0.215,0.785,1.0
2025-12-11T07:13:05.779059,0.215,0.77,0.985
2025-12-11T07:13:06.406463,0.215,0.785,1.0
2025-12-11T07:13:07.030348,0.21,0.79,1.0
2025-12-11T07:13:07.648811,0.21,0.785,0.995
2025-12-11T07:13:08.293587,0.205,0.795,1.0
2025-12-11T07:13:08.938705,0.21,0.79,1.0
2025-12-11T07:13:09.567163,0.205,0.795,1.0
2025-12-11T07:13:10.195416,0.2,0.805,1.0050000000000001
2025-12-11T07:13:10.823337,0.195,0.805,1.0
2025-12-11T07:13:11.436871,0.2,0.8,1.0
2025-12-11T07:13:12.062816,0.2,0.8,1.0
2025-12-11T07:13:12.691236,0.2,0.8,1.0
2025-12-11T07:13:13.311891,0.195,0.805,1.0
2025-12-11T07:13:13.941513,0.195,0.805,1.0
2025-12-11T07:13:14.564108,0.205,0.795,1.0
2025-12-11T07:13:15.202808,0.205,0.795,1.0
2025-12-11T07:13:15.818681,0.205,0.795,1.0
2025-12-11T07:13:16.443106,0.21,0.79,1.0
2025-12-11T07:13:17.071812,0.21,0.79,1.0
2025-12-11T07:13:17.723234,0.205,0.795,1.0
2025-12-11T07:13:18.356707,0.205,0.8,1.0050000000000001
2025-12-11T07:13:18.981648,0.2,0.805,1.0050000000000001
2025-12-11T07:13:19.605782,0.19,0.81,1.0
2025-12-11T07:13:20.253985,0.19,0.81,1.0
2025-12-11T07:13:20.886147,0.21,0.79,1.0
2025-12-11T07:13:21.512401,0.21,0.79,1.0
2025-12-11T07:13:22.141748,0.205,0.795,1.0
2025-12-11T07:13:22.770207,0.2,0.795,0.9950000000000001
2025-12-11T07:13:23.395344,0.195,0.805,1.0
2025-12-11T07:13:24.067497,0.21,0.79,1.0
2025-12-11T07:13:24.697851,0.21,0.805,1.0150000000000001
2025-12-11T07:13:25.323120,0.185,0.815,1.0
2025-12-11T07:13:25.953562,0.175,0.825,1.0
2025-12-11T07:13:26.582606,0.2,0.8,1.0
2025-12-11T07:13:27.225300,0.185,0.815,1.0
2025-12-11T07:13:27.854661,0.185,0.815,1.0
2025-12-11T07:13:28.491446,0.195,0.805,1.0
2025-12-11T07:13:29.121312,0.18,0.82,1.0
2025-12-11T07:13:29.759890,0.175,0.825,1.0
2025-12-11T07:13:30.383508,0.185,0.815,1.0
2025-12-11T07:13:29.439776,0.175,0.825,1.0
2025-12-11T07:13:30.072489,0.175,0.825,1.0
2025-12-11T07:13:30.706789,0.175,0.825,1.0
2025-12-11T07:13:31.335116,0.165,0.835,1.0
2025-12-11T07:13:31.971608,0.22,0.78,1.0
2025-12-11T07:13:32.595243,0.195,0.81,1.0050000000000001
2025-12-11T07:13:33.226619,0.175,0.82,0.9949999999999999
2025-12-11T07:13:33.931061,0.18,0.82,1.0
2025-12-11T07:13:34.559223,0.185,0.815,1.0
2025-12-11T07:13:35.186628,0.175,0.825,1.0
2025-12-11T07:13:35.812516,0.16,0.845,1.005
2025-12-11T07:13:36.463354,0.16,0.845,1.005
2025-12-11T07:13:37.076701,0.125,0.875,1.0
2025-12-11T07:13:37.708792,0.105,0.895,1.0
2025-12-11T07:13:38.340362,0.095,0.905,1.0
2025-12-11T07:13:38.982656,0.095,0.905,1.0
2025-12-11T07:13:39.622781,0.085,0.915,1.0
2025-12-11T07:13:40.258894,0.085,0.915,1.0
2025-12-11T07:13:40.888970,0.075,0.925,1.0
2025-12-11T07:13:41.519192,0.07,0.935,1.0050000000000001
2025-12-11T07:13:42.143782,0.065,0.935,1.0
2025-12-11T07:13:42.778739,0.075,0.925,1.0
2025-12-11T07:13:43.414324,0.07,0.93,1.0
2025-12-11T07:13:44.046991,0.065,0.935,1.0
2025-12-11T07:13:44.677410,0.065,0.935,1.0
2025-12-11T07:13:45.306385,0.065,0.935,1.0
2025-12-11T07:13:45.931207,0.065,0.935,1.0
2025-12-11T07:13:46.566030,0.055,0.945,1.0
2025-12-11T07:13:47.197493,0.055,0.945,1.0
2025-12-11T07:13:47.844585,0.06,0.955,1.015
2025-12-11T07:13:48.477219,0.065,0.935,1.0
2025-12-11T07:13:49.117000,0.08,0.92,1.0
2025-12-11T07:13:49.749119,0.085,0.92,1.0050000000000001
2025-12-11T07:13:50.385705,0.075,0.92,0.995
2025-12-11T07:13:51.019388,0.085,0.915,1.0
2025-12-11T07:13:51.652879,0.085,0.915,1.0
2025-12-11T07:13:52.274820,0.085,0.915,1.0
2025-12-11T07:13:52.913678,0.085,0.915,1.0
2025-12-11T07:13:53.549497,0.08,0.92,1.0
2025-12-11T07:13:54.191844,0.075,0.925,1.0
2025-12-11T07:13:54.835759,0.075,0.925,1.0
2025-12-11T07:13:55.495958,0.055,0.945,1.0
2025-12-11T07:13:56.127200,0.065,0.935,1.0
2025-12-11T07:13:56.742394,0.06,0.94,1.0
2025-12-11T07:13:57.369441,0.075,0.925,1.0
2025-12-11T07:13:57.995106,0.075,0.93,1.0050000000000001
2025-12-11T07:13:58.620645,0.07,0.935,1.0050000000000001
2025-12-11T07:13:59.246783,0.065,0.935,1.0
2025-12-11T07:13:59.877859,0.06,0.935,0.9950000000000001
2025-12-11T07:14:00.515230,0.065,0.935,1.0
2025-12-11T07:13:59.580019,0.055,0.945,1.0
2025-12-11T07:14:00.204511,0.055,0.95,1.005
2025-12-11T07:14:00.851736,0.065,0.935,1.0
2025-12-11T07:14:01.476227,0.065,0.935,1.0
2025-12-11T07:14:02.105778,0.05,0.95,1.0
2025-12-11T07:14:02.753605,0.055,0.945,1.0
2025-12-11T07:14:03.383018,0.055,0.945,1.0
2025-12-11T07:14:04.010377,0.055,0.95,1.005
2025-12-11T07:14:04.634598,0.045,0.955,1.0
2025-12-11T07:14:05.270313,0.045,0.96,1.005
2025-12-11T07:14:05.909664,0.04,0.96,1.0
2025-12-11T07:14:06.543131,0.04,0.96,1.0
2025-12-11T07:14:07.170440,0.04,0.96,1.0
2025-12-11T07:14:07.799600,0.04,0.96,1.0
2025-12-11T07:14:08.425059,0.035,0.965,1.0
2025-12-11T07:14:09.061684,0.035,0.965,1.0
2025-12-11T07:14:09.738110,0.04,0.96,1.0
2025-12-11T07:14:10.373143,0.04,0.96,1.0
2025-12-11T07:14:11.001312,0.04,0.96,1.0
2025-12-11T07:14:11.634209,0.035,0.965,1.0
2025-12-11T07:14:12.261810,0.025,0.975,1.0
2025-12-11T07:14:12.887672,0.035,0.965,1.0
2025-12-11T07:14:13.527219,0.04,0.96,1.0
2025-12-11T07:14:14.150674,0.04,0.96,1.0
2025-12-11T07:14:14.772699,0.04,0.96,1.0
2025-12-11T07:14:15.403344,0.04,0.96,1.0
2025-12-11T07:14:16.030606,0.035,0.965,1.0
2025-12-11T07:14:16.655303,0.035,0.965,1.0
2025-12-11T07:14:17.284278,0.035,0.965,1.0
2025-12-11T07:14:17.919250,0.035,0.965,1.0
2025-12-11T07:14:18.551184,0.035,0.965,1.0
2025-12-11T07:14:19.179446,0.04,0.96,1.0
2025-12-11T07:14:19.818742,0.02,0.98,1.0
2025-12-11T07:14:20.444822,0.02,0.98,1.0
2025-12-11T07:14:21.085273,0.02,0.98,1.0
2025-12-11T07:14:21.750279,0.02,0.98,1.0
2025-12-11T07:14:22.381537,0.02,0.98,1.0
2025-12-11T07:14:23.019220,0.02,0.98,1.0
2025-12-11T07:14:23.653644,0.02,0.98,1.0
2025-12-11T07:14:24.292790,0.02,0.98,1.0
2025-12-11T07:14:24.918938,0.02,0.98,1.0
2025-12-11T07:14:25.543291,0.015,0.985,1.0
2025-12-11T07:14:26.171494,0.015,0.985,1.0
2025-12-11T07:14:26.785546,0.015,0.985,1.0
2025-12-11T07:14:27.417235,0.015,0.985,1.0
2025-12-11T07:14:28.054243,0.015,0.985,1.0
2025-12-11T07:14:28.711530,0.02,0.98,1.0
2025-12-11T07:14:29.348368,0.015,0.985,1.0
2025-12-11T07:14:29.979123,0.015,0.985,1.0
2025-12-11T07:14:30.657337,0.015,0.98,0.995
2025-12-11T07:14:31.297294,0.025,0.975,1.0
2025-12-11T07:14:30.375260,0.015,0.98,0.995
2025-12-11T07:14:31.004109,0.025,0.975,1.0
2025-12-11T07:14:31.636525,0.025,0.975,1.0
2025-12-11T07:14:32.281920,0.015,0.985,1.0
2025-12-11T07:14:32.918843,0.015,0.985,1.0
2025-12-11T07:14:33.534805,0.015,0.985,1.0
2025-12-11T07:14:34.154375,0.015,0.985,1.0
2025-12-11T07:14:34.771046,0.015,0.985,1.0
2025-12-11T07:14:35.399749,0.015,0.985,1.0
2025-12-11T07:14:36.033509,0.015,0.985,1.0
2025-12-11T07:14:36.663780,0.015,0.985,1.0
2025-12-11T07:14:37.293655,0.015,0.985,1.0
2025-12-11T07:14:37.922232,0.015,0.985,1.0
2025-12-11T07:14:38.547955,0.015,0.985,1.0
2025-12-11T07:14:39.177013,0.015,0.985,1.0
2025-12-11T07:14:39.792647,0.015,0.985,1.0
2025-12-11T07:14:40.422959,0.015,0.985,1.0
2025-12-11T07:14:41.046154,0.015,0.985,1.0
2025-12-11T07:14:41.679726,0.015,0.985,1.0
2025-12-11T07:14:42.321971,0.015,0.985,1.0
2025-12-11T07:14:42.983278,0.015,0.985,1.0
2025-12-11T07:14:43.621250,0.015,0.985,1.0
2025-12-11T07:14:44.241862,0.015,0.985,1.0
2025-12-11T07:14:44.871846,0.005,0.995,1.0
2025-12-11T07:14:45.501168,0.005,0.995,1.0
2025-12-11T07:14:46.129035,0.005,0.995,1.0
2025-12-11T07:14:46.761868,0.005,0.995,1.0
2025-12-11T07:14:47.397143,0.005,0.995,1.0
2025-12-11T07:14:48.022035,0.005,0.995,1.0
2025-12-11T07:14:48.647061,0.005,0.995,1.0
2025-12-11T07:14:49.272948,0.005,0.995,1.0
2025-12-11T07:14:49.936051,0.005,0.995,1.0
2025-12-11T07:14:50.552037,0.005,0.995,1.0
2025-12-11T07:14:51.219109,0.005,0.995,1.0
2025-12-11T07:14:51.853923,0.005,0.995,1.0
2025-12-11T07:14:52.478584,0.005,0.995,1.0
2025-12-11T07:14:53.101950,0.005,0.995,1.0
2025-12-11T07:14:53.751564,0.005,0.995,1.0
2025-12-11T07:14:54.376649,0.005,0.995,1.0
2025-12-11T07:14:55.006155,0.005,0.995,1.0
2025-12-11T07:14:55.630196,0.005,0.995,1.0
2025-12-11T07:14:56.271118,0.005,0.995,1.0
2025-12-11T07:14:56.892318,0.005,0.995,1.0
2025-12-11T07:14:57.518233,0.005,0.995,1.0
2025-12-11T07:14:58.143380,0.005,0.995,1.0
2025-12-11T07:14:58.759744,0.005,0.995,1.0
2025-12-11T07:14:59.383521,0.005,0.995,1.0
2025-12-11T07:15:00.009473,0.005,0.995,1.0
2025-12-11T07:15:00.644592,0.005,0.995,1.0
2025-12-11T07:15:01.272118,0.005,0.995,1.0
2025-12-11T07:15:01.909663,0.005,0.995,1.0
2025-12-11T07:15:01.026778,0.005,0.995,1.0
2025-12-11T07:15:01.699405,0.005,0.995,1.0
2025-12-11T07:15:02.334030,0.005,0.995,1.0
2025-12-11T07:15:02.977518,0.005,0.995,1.0
2025-12-11T07:15:03.624386,0.005,0.995,1.0
2025-12-11T07:15:04.255738,0.005,0.995,1.0
2025-12-11T07:15:04.885979,0.005,0.995,1.0
2025-12-11T07:15:05.513535,0.005,0.995,1.0
2025-12-11T07:15:06.147451,0.005,0.995,1.0
2025-12-11T07:15:06.808440,0.005,0.995,1.0
2025-12-11T07:15:07.449176,0.005,0.995,1.0
2025-12-11T07:15:08.069409,0.005,0.995,1.0
2025-12-11T07:15:08.702289,0.005,0.995,1.0
2025-12-11T07:15:09.326347,0.005,0.995,1.0
2025-12-11T07:15:09.955367,0.005,0.995,1.0
2025-12-11T07:15:10.616785,0.005,0.995,1.0
2025-12-11T07:15:11.248353,0.005,0.995,1.0
2025-12-11T07:15:11.872136,0.005,0.995,1.0
2025-12-11T07:15:12.504107,0.005,0.995,1.0
2025-12-11T07:15:13.133203,0.005,0.995,1.0
2025-12-11T07:15:13.774801,0.005,0.995,1.0
2025-12-11T07:15:14.408051,0.005,0.995,1.0
2025-12-11T07:15:15.036798,0.005,0.995,1.0
2025-12-11T07:15:15.662976,0.005,0.995,1.0
2025-12-11T07:15:16.303302,0.005,0.995,1.0
2025-12-11T07:15:16.937716,0.005,0.995,1.0
2025-12-11T07:15:17.567478,0.005,0.995,1.0
2025-12-11T07:15:18.198230,0.005,0.995,1.0
2025-12-11T07:15:18.846087,0.005,0.995,1.0
2025-12-11T07:15:19.472474,0.005,0.995,1.0
2025-12-11T07:15:20.108768,0.005,0.995,1.0
2025-12-11T07:15:20.768461,0.005,0.995,1.0
2025-12-11T07:15:21.392381,0.005,0.995,1.0
2025-12-11T07:15:22.031142,0.005,0.995,1.0
2025-12-11T07:15:22.657268,0.005,0.995,1.0
2025-12-11T07:15:23.289591,0.005,0.995,1.0
2025-12-11T07:15:23.915740,0.005,0.995,1.0
2025-12-11T07:15:24.541434,0.005,0.995,1.0
2025-12-11T07:15:25.172446,0.005,0.995,1.0
2025-12-11T07:15:25.810615,0.005,0.995,1.0
2025-12-11T07:15:26.445161,0.005,0.995,1.0
2025-12-11T07:15:27.087439,0.005,0.995,1.0
2025-12-11T07:15:27.718363,0.005,0.995,1.0
2025-12-11T07:15:28.347181,0.005,0.995,1.0
2025-12-11T07:15:28.981313,0.005,0.995,1.0
2025-12-11T07:15:29.612837,0.005,0.995,1.0
2025-12-11T07:15:30.246457,0.005,0.995,1.0
2025-12-11T07:15:30.885714,0.005,0.995,1.0
2025-12-11T07:15:31.556501,0.005,0.995,1.0
2025-12-11T07:15:32.200952,0.005,0.995,1.0
2025-12-11T07:15:32.832056,0.005,0.995,1.0
2025-12-11T07:15:31.899671,0.005,0.995,1.0
2025-12-11T07:15:32.535867,0.005,0.995,1.0
2025-12-11T07:15:33.174580,0.005,0.995,1.0
2025-12-11T07:15:33.812457,0.005,0.995,1.0
2025-12-11T07:15:34.428166,0.005,0.995,1.0
2025-12-11T07:15:35.048411,0.005,0.995,1.0
2025-12-11T07:15:35.674390,0.005,0.995,1.0
2025-12-11T07:15:36.311707,0.005,0.995,1.0
2025-12-11T07:15:36.942404,0.005,0.995,1.0
2025-12-11T07:15:37.578601,0.005,0.995,1.0
2025-12-11T07:15:38.195049,0.005,0.995,1.0
2025-12-11T07:15:38.857165,0.005,0.995,1.0
2025-12-11T07:15:39.487477,0.005,0.995,1.0
2025-12-11T07:15:40.111705,0.005,0.995,1.0
2025-12-11T07:15:40.748431,0.005,0.995,1.0
2025-12-11T07:15:41.376311,0.005,0.995,1.0
2025-12-11T07:15:41.996965,0.005,0.995,1.0
2025-12-11T07:15:42.633399,0.005,0.995,1.0
2025-12-11T07:15:43.261404,0.005,0.995,1.0
2025-12-11T07:15:43.889053,0.005,0.995,1.0
2025-12-11T07:15:44.511765,0.005,0.995,1.0
2025-12-11T07:15:45.150470,0.005,0.995,1.0
2025-12-11T07:15:45.775314,0.005,0.995,1.0
2025-12-11T07:15:46.409253,0.005,0.995,1.0
2025-12-11T07:15:47.031828,0.005,0.995,1.0
2025-12-11T07:15:47.645925,0.005,0.995,1.0
2025-12-11T07:15:48.276004,0.005,0.995,1.0
2025-12-11T07:15:48.905575,0.005,0.995,1.0
2025-12-11T07:15:49.535104,0.005,0.995,1.0
2025-12-11T07:15:50.211590,0.005,0.995,1.0
2025-12-11T07:15:50.858403,0.005,0.995,1.0
2025-12-11T07:15:51.490079,0.005,0.995,1.0
2025-12-11T07:15:52.130123,0.005,0.995,1.0
2025-12-11T07:15:52.767218,0.005,0.995,1.0
2025-12-11T07:15:53.426120,0.005,0.995,1.0
2025-12-11T07:15:54.072581,0.005,0.995,1.0
2025-12-11T07:15:54.703000,0.005,0.995,1.0
2025-12-11T07:15:55.330239,0.005,0.995,1.0
2025-12-11T07:15:55.964368,0.005,0.995,1.0
2025-12-11T07:15:56.586931,0.005,0.995,1.0
2025-12-11T07:15:57.210977,0.005,0.995,1.0
2025-12-11T07:15:57.845019,0.005,0.995,1.0
2025-12-11T07:15:58.476941,0.005,0.995,1.0
2025-12-11T07:15:59.097109,0.005,0.995,1.0
2025-12-11T07:15:59.709353,0.005,0.995,1.0
