timestamp,price_yes,price_no,sum_prices
2025-12-11T07:46:00.541445,0.505,0.495,1.0
2025-12-11T07:46:01.161060,0.505,0.495,1.0
2025-12-11T07:46:01.781076,0.51,0.49,1.0
2025-12-11T07:46:02.403718,0.505,0.495,1.0
2025-12-11T07:46:03.033680,0.505,0.495,1.0
2025-12-11T07:46:03.651259,0.505,0.495,1.0
2025-12-11T07:46:04.266129,0.515,0.485,1.0
2025-12-11T07:46:04.901075,0.52,0.48,1.0
2025-12-11T07:46:05.516635,0.53,0.47,1.0
2025-12-11T07:46:06.132845,0.53,0.47,1.0
2025-12-11T07:46:06.755801,0.535,0.465,1.0
2025-12-11T07:46:07.376838,0.55,0.445,0.9950000000000001
2025-12-11T07:46:07.999854,0.57,0.43,1.0
2025-12-11T07:46:08.631604,0.575,0.425,1.0
2025-12-11T07:46:09.248826,0.575,0.425,1.0
2025-12-11T07:46:09.862115,0.575,0.425,1.0
2025-12-11T07:46:10.476722,0.575,0.425,1.0
2025-12-11T07:46:11.121651,0.575,0.425,1.0
2025-12-11T07:46:11.751881,0.565,0.435,1.0
2025-12-11T07:46:12.368256,0.565,0.435,1.0
2025-12-11T07:46:12.986322,0.565,0.435,1.0
2025-12-11T07:46:13.610672,0.565,0.435,1.0
2025-12-11T07:46:14.240837,0.565,0.435,1.0
2025-12-11T07:46:13.331814,0.565,0.435,1.0
2025-12-11T07:46:13.964962,0.565,0.435,1.0
2025-12-11T07:46:14.571858,0.56,0.44,1.0
2025-12-11T07:46:15.198606,0.565,0.44,1.005
2025-12-11T07:46:15.823744,0.565,0.435,1.0
2025-12-11T07:46:16.458374,0.565,0.435,1.0
2025-12-11T07:46:17.072990,0.54,0.47,1.01
2025-12-11T07:46:17.691569,0.525,0.475,1.0
2025-12-11T07:46:18.313975,0.535,0.465,1.0
2025-12-11T07:46:18.940181,0.535,0.465,1.0
2025-12-11T07:46:19.567509,0.555,0.445,1.0
2025-12-11T07:46:20.186943,0.56,0.445,1.0050000000000001
2025-12-11T07:46:20.815797,0.56,0.445,1.0050000000000001
2025-12-11T07:46:21.435310,0.555,0.445,1.0
2025-12-11T07:46:22.075717,0.555,0.445,1.0
2025-12-11T07:46:22.721599,0.57,0.43,1.0
2025-12-11T07:46:23.335455,0.565,0.435,1.0
2025-12-11T07:46:23.959457,0.555,0.445,1.0
2025-12-11T07:46:24.589273,0.555,0.445,1.0
2025-12-11T07:46:25.215105,0.55,0.455,1.0050000000000001
2025-12-11T07:46:25.841668,0.535,0.465,1.0
2025-12-11T07:46:26.459460,0.53,0.47,1.0
2025-12-11T07:46:27.084699,0.535,0.465,1.0
2025-12-11T07:46:27.717004,0.535,0.465,1.0
2025-12-11T07:46:28.352679,0.535,0.465,1.0
2025-12-11T07:46:28.975052,0.535,0.465,1.0
2025-12-11T07:46:29.588271,0.535,0.465,1.0
2025-12-11T07:46:30.225593,0.535,0.465,1.0
2025-12-11T07:46:30.867823,0.535,0.465,1.0
2025-12-11T07:46:31.484682,0.535,0.47,1.005
2025-12-11T07:46:32.107612,0.525,0.485,1.01
2025-12-11T07:46:32.728694,0.495,0.515,1.01
2025-12-11T07:46:33.346639,0.475,0.525,1.0
2025-12-11T07:46:33.961096,0.475,0.525,1.0
2025-12-11T07:46:34.588847,0.475,0.525,1.0
2025-12-11T07:46:35.208452,0.48,0.525,1.005
2025-12-11T07:46:35.826060,0.475,0.525,1.0
2025-12-11T07:46:36.450929,0.485,0.515,1.0
2025-12-11T07:46:37.098951,0.525,0.475,1.0
2025-12-11T07:46:37.714274,0.545,0.455,1.0
2025-12-11T07:46:38.335532,0.54,0.46,1.0
2025-12-11T07:46:38.957911,0.525,0.475,1.0
2025-12-11T07:46:39.581116,0.52,0.48,1.0
2025-12-11T07:46:40.207903,0.515,0.485,1.0
2025-12-11T07:46:40.854252,0.525,0.475,1.0
2025-12-11T07:46:41.477656,0.535,0.465,1.0
2025-12-11T07:46:42.090035,0.535,0.465,1.0
2025-12-11T07:46:42.708955,0.535,0.465,1.0
2025-12-11T07:46:43.329689,0.545,0.455,1.0
2025-12-11T07:46:43.969555,0.545,0.455,1.0
2025-12-11T07:46:44.629923,0.555,0.445,1.0
2025-12-11T07:46:45.265599,0.555,0.445,1.0
2025-12-11T07:46:44.331388,0.555,0.445,1.0
2025-12-11T07:46:44.946239,0.555,0.44,0.9950000000000001
2025-12-11T07:46:45.556399,0.565,0.435,1.0
2025-12-11T07:46:46.183865,0.575,0.425,1.0
2025-12-11T07:46:46.800292,0.585,0.415,1.0
2025-12-11T07:46:47.420378,0.585,0.415,1.0
2025-12-11T07:46:48.061916,0.585,0.415,1.0
2025-12-11T07:46:48.690255,0.585,0.415,1.0
2025-12-11T07:46:49.328802,0.585,0.415,1.0
2025-12-11T07:46:49.950306,0.585,0.415,1.0
2025-12-11T07:46:50.574591,0.585,0.415,1.0
2025-12-11T07:46:51.194599,0.585,0.415,1.0
2025-12-11T07:46:51.837500,0.585,0.415,1.0
2025-12-11T07:46:52.491181,0.585,0.415,1.0
2025-12-11T07:46:53.109423,0.585,0.415,1.0
2025-12-11T07:46:53.727044,0.585,0.415,1.0
2025-12-11T07:46:54.352748,0.585,0.415,1.0
2025-12-11T07:46:54.973578,0.585,0.415,1.0
2025-12-11T07:46:55.587194,0.585,0.415,1.0
2025-12-11T07:46:56.214043,0.585,0.415,1.0
2025-12-11T07:46:56.851159,0.585,0.415,1.0
2025-12-11T07:46:57.488218,0.585,0.415,1.0
2025-12-11T07:46:58.106688,0.585,0.415,1.0
2025-12-11T07:46:58.742321,0.585,0.415,1.0
2025-12-11T07:46:59.380688,0.585,0.415,1.0
2025-12-11T07:47:00.038630,0.585,0.415,1.0
2025-12-11T07:47:00.659474,0.585,0.415,1.0
2025-12-11T07:47:01.280439,0.585,0.415,1.0
2025-12-11T07:47:01.908581,0.585,0.415,1.0
2025-12-11T07:47:02.530101,0.585,0.415,1.0
2025-12-11T07:47:03.202291,0.585,0.415,1.0
2025-12-11T07:47:03.828418,0.575,0.425,1.0
2025-12-11T07:47:04.470456,0.525,0.48,1.005
2025-12-11T07:47:05.091430,0.52,0.485,1.005
2025-12-11T07:47:05.716764,0.505,0.49,0.995
2025-12-11T07:47:06.343443,0.535,0.465,1.0
2025-12-11T07:47:06.973437,0.535,0.465,1.0
2025-12-11T07:47:07.590021,0.535,0.46,0.9950000000000001
2025-12-11T07:47:08.223362,0.545,0.455,1.0
2025-12-11T07:47:08.853939,0.545,0.455,1.0
2025-12-11T07:47:09.506448,0.545,0.455,1.0
2025-12-11T07:47:10.156453,0.555,0.445,1.0
2025-12-11T07:47:10.810727,0.545,0.455,1.0
2025-12-11T07:47:11.454431,0.555,0.445,1.0
2025-12-11T07:47:12.103088,0.555,0.445,1.0
2025-12-11T07:47:12.719393,0.55,0.45,1.0
2025-12-11T07:47:13.347135,0.55,0.45,1.0
2025-12-11T07:47:13.978785,0.555,0.445,1.0
2025-12-11T07:47:14.608049,0.545,0.455,1.0
2025-12-11T07:47:15.239095,0.545,0.455,1.0
2025-12-11T07:47:15.847438,0.545,0.455,1.0
2025-12-11T07:47:14.942087,0.555,0.445,1.0
2025-12-11T07:47:15.559059,0.555,0.445,1.0
2025-12-11T07:47:16.167863,0.555,0.445,1.0
2025-12-11T07:47:16.799645,0.545,0.455,1.0
2025-12-11T07:47:17.421453,0.545,0.46,1.0050000000000001
2025-12-11T07:47:18.038002,0.545,0.455,1.0
2025-12-11T07:47:18.668310,0.54,0.46,1.0
2025-12-11T07:47:19.290875,0.54,0.465,1.0050000000000001
2025-12-11T07:47:19.920154,0.535,0.465,1.0
2025-12-11T07:47:20.534538,0.525,0.475,1.0
2025-12-11T07:47:21.156424,0.525,0.475,1.0
2025-12-11T07:47:21.776295,0.525,0.475,1.0
2025-12-11T07:47:22.416294,0.52,0.48,1.0
2025-12-11T07:47:23.047716,0.515,0.485,1.0
2025-12-11T07:47:23.673212,0.515,0.485,1.0
2025-12-11T07:47:24.298034,0.5,0.505,1.005
2025-12-11T07:47:24.904012,0.505,0.495,1.0
2025-12-11T07:47:25.556758,0.49,0.51,1.0
2025-12-11T07:47:26.181293,0.485,0.515,1.0
2025-12-11T07:47:26.793978,0.485,0.515,1.0
2025-12-11T07:47:27.424073,0.485,0.515,1.0
2025-12-11T07:47:28.038301,0.485,0.515,1.0
2025-12-11T07:47:28.652813,0.485,0.515,1.0
2025-12-11T07:47:29.307122,0.485,0.515,1.0
2025-12-11T07:47:29.928048,0.485,0.515,1.0
2025-12-11T07:47:30.541935,0.485,0.515,1.0
2025-12-11T07:47:31.158486,0.495,0.505,1.0
2025-12-11T07:47:31.776935,0.495,0.505,1.0
2025-12-11T07:47:32.398394,0.495,0.505,1.0
2025-12-11T07:47:33.022314,0.495,0.505,1.0
2025-12-11T07:47:33.653492,0.495,0.505,1.0
2025-12-11T07:47:34.296660,0.49,0.51,1.0
2025-12-11T07:47:34.933740,0.49,0.515,1.005
2025-12-11T07:47:35.576817,0.49,0.51,1.0
2025-12-11T07:47:36.211488,0.495,0.505,1.0
2025-12-11T07:47:36.845440,0.49,0.51,1.0
2025-12-11T07:47:37.499952,0.49,0.51,1.0
2025-12-11T07:47:38.147276,0.49,0.51,1.0
2025-12-11T07:47:38.788530,0.495,0.505,1.0
2025-12-11T07:47:39.412081,0.495,0.505,1.0
2025-12-11T07:47:40.039588,0.49,0.51,1.0
2025-12-11T07:47:40.694456,0.49,0.51,1.0
2025-12-11T07:47:41.326622,0.49,0.51,1.0
2025-12-11T07:47:41.973198,0.49,0.51,1.0
2025-12-11T07:47:42.598950,0.49,0.51,1.0
2025-12-11T07:47:43.215450,0.495,0.505,1.0
2025-12-11T07:47:43.843150,0.485,0.515,1.0
2025-12-11T07:47:44.492197,0.5,0.5,1.0
2025-12-11T07:47:45.111961,0.5,0.5,1.0
2025-12-11T07:47:45.736025,0.495,0.505,1.0
2025-12-11T07:47:46.354487,0.495,0.505,1.0
2025-12-11T07:47:45.433005,0.495,0.505,1.0
2025-12-11T07:47:46.052997,0.495,0.505,1.0
2025-12-11T07:47:46.684923,0.495,0.505,1.0
2025-12-11T07:47:47.314601,0.495,0.505,1.0
2025-12-11T07:47:47.934077,0.495,0.505,1.0
2025-12-11T07:47:48.559323,0.495,0.505,1.0
2025-12-11T07:47:49.184243,0.495,0.505,1.0
2025-12-11T07:47:49.801713,0.495,0.505,1.0
2025-12-11T07:47:50.429474,0.505,0.495,1.0
2025-12-11T07:47:51.047671,0.515,0.485,1.0
2025-12-11T07:47:51.739309,0.515,0.485,1.0
2025-12-11T07:47:52.370197,0.515,0.475,0.99
2025-12-11T07:47:52.992478,0.52,0.48,1.0
2025-12-11T07:47:53.608652,0.525,0.475,1.0
2025-12-11T07:47:54.233967,0.52,0.48,1.0
2025-12-11T07:47:54.852210,0.52,0.48,1.0
2025-12-11T07:47:55.504305,0.52,0.48,1.0
2025-12-11T07:47:56.128184,0.52,0.48,1.0
2025-12-11T07:47:56.753745,0.52,0.48,1.0
2025-12-11T07:47:57.380186,0.52,0.48,1.0
2025-12-11T07:47:57.995807,0.52,0.48,1.0
2025-12-11T07:47:58.610908,0.52,0.48,1.0
2025-12-11T07:47:59.232098,0.515,0.485,1.0
2025-12-11T07:47:59.848785,0.515,0.485,1.0
2025-12-11T07:48:00.464023,0.515,0.49,1.005
2025-12-11T07:48:01.079715,0.485,0.51,0.995
2025-12-11T07:48:01.693838,0.475,0.53,1.005
2025-12-11T07:48:02.310755,0.465,0.535,1.0
2025-12-11T07:48:02.935043,0.475,0.525,1.0
2025-12-11T07:48:03.569172,0.515,0.48,0.995
2025-12-11T07:48:04.203614,0.525,0.475,1.0
2025-12-11T07:48:04.867802,0.515,0.485,1.0
2025-12-11T07:48:05.505401,0.515,0.485,1.0
2025-12-11T07:48:06.136404,0.515,0.485,1.0
2025-12-11T07:48:06.765957,0.515,0.485,1.0
2025-12-11T07:48:07.387963,0.515,0.485,1.0
2025-12-11T07:48:08.002019,0.525,0.475,1.0
2025-12-11T07:48:08.619109,0.515,0.485,1.0
2025-12-11T07:48:09.252584,0.505,0.495,1.0
2025-12-11T07:48:09.877895,0.515,0.485,1.0
2025-12-11T07:48:10.498833,0.52,0.48,1.0
2025-12-11T07:48:11.119891,0.515,0.485,1.0
2025-12-11T07:48:11.751316,0.515,0.485,1.0
2025-12-11T07:48:12.370841,0.495,0.505,1.0
2025-12-11T07:48:12.997890,0.49,0.51,1.0
2025-12-11T07:48:13.612758,0.485,0.515,1.0
2025-12-11T07:48:14.227531,0.485,0.515,1.0
2025-12-11T07:48:14.852643,0.49,0.505,0.995
2025-12-11T07:48:15.495523,0.495,0.505,1.0
2025-12-11T07:48:16.114112,0.49,0.51,1.0
2025-12-11T07:48:16.728098,0.485,0.515,1.0
2025-12-11T07:48:17.339212,0.495,0.505,1.0
2025-12-11T07:48:16.397124,0.495,0.505,1.0
2025-12-11T07:48:17.018237,0.495,0.505,1.0
2025-12-11T07:48:17.642395,0.495,0.505,1.0
2025-12-11T07:48:18.254409,0.5,0.495,0.995
2025-12-11T07:48:18.865669,0.505,0.495,1.0
2025-12-11T07:48:19.482879,0.505,0.495,1.0
2025-12-11T07:48:20.094300,0.505,0.495,1.0
2025-12-11T07:48:20.716017,0.505,0.495,1.0
2025-12-11T07:48:21.345247,0.515,0.485,1.0
2025-12-11T07:48:21.967443,0.515,0.485,1.0
2025-12-11T07:48:22.605528,0.515,0.485,1.0
2025-12-11T07:48:23.218511,0.515,0.485,1.0
2025-12-11T07:48:23.835246,0.515,0.485,1.0
2025-12-11T07:48:24.451977,0.515,0.485,1.0
2025-12-11T07:48:25.070431,0.505,0.495,1.0
2025-12-11T07:48:25.693508,0.505,0.495,1.0
2025-12-11T07:48:26.315736,0.495,0.505,1.0
2025-12-11T07:48:26.940025,0.495,0.505,1.0
2025-12-11T07:48:27.553532,0.495,0.505,1.0
2025-12-11T07:48:28.174092,0.495,0.505,1.0
2025-12-11T07:48:28.791671,0.495,0.505,1.0
2025-12-11T07:48:29.409706,0.495,0.505,1.0
2025-12-11T07:48:30.054264,0.495,0.505,1.0
2025-12-11T07:48:30.675745,0.495,0.505,1.0
2025-12-11T07:48:31.286074,0.505,0.495,1.0
2025-12-11T07:48:31.917592,0.51,0.49,1.0
2025-12-11T07:48:32.531875,0.515,0.485,1.0
2025-12-11T07:48:33.158991,0.505,0.495,1.0
2025-12-11T07:48:33.801189,0.49,0.505,0.995
2025-12-11T07:48:34.416321,0.49,0.51,1.0
2025-12-11T07:48:35.032486,0.485,0.515,1.0
2025-12-11T07:48:35.654906,0.485,0.515,1.0
2025-12-11T07:48:36.274921,0.485,0.515,1.0
2025-12-11T07:48:36.898453,0.485,0.515,1.0
2025-12-11T07:48:37.521512,0.485,0.515,1.0
2025-12-11T07:48:38.146414,0.485,0.515,1.0
2025-12-11T07:48:38.765293,0.485,0.515,1.0
2025-12-11T07:48:39.388998,0.485,0.515,1.0
2025-12-11T07:48:40.009383,0.49,0.51,1.0
2025-12-11T07:48:40.630324,0.485,0.515,1.0
2025-12-11T07:48:41.250099,0.485,0.515,1.0
2025-12-11T07:48:41.866117,0.485,0.515,1.0
2025-12-11T07:48:42.491373,0.485,0.515,1.0
2025-12-11T07:48:43.114544,0.485,0.515,1.0
2025-12-11T07:48:43.739919,0.49,0.51,1.0
2025-12-11T07:48:44.365935,0.495,0.505,1.0
2025-12-11T07:48:44.981855,0.495,0.505,1.0
2025-12-11T07:48:45.610196,0.495,0.505,1.0
2025-12-11T07:48:46.227804,0.495,0.505,1.0
2025-12-11T07:48:46.853145,0.485,0.515,1.0
2025-12-11T07:48:47.515561,0.48,0.525,1.005
2025-12-11T07:48:48.128956,0.475,0.525,1.0
2025-12-11T07:48:47.206848,0.475,0.525,1.0
2025-12-11T07:48:47.832284,0.475,0.525,1.0
2025-12-11T07:48:48.459546,0.475,0.525,1.0
2025-12-11T07:48:49.098539,0.475,0.525,1.0
2025-12-11T07:48:49.715754,0.475,0.525,1.0
2025-12-11T07:48:50.343360,0.475,0.525,1.0
2025-12-11T07:48:50.977660,0.475,0.525,1.0
2025-12-11T07:48:51.647825,0.485,0.515,1.0
2025-12-11T07:48:52.295040,0.485,0.515,1.0
2025-12-11T07:48:52.922750,0.485,0.515,1.0
2025-12-11T07:48:53.554966,0.485,0.515,1.0
2025-12-11T07:48:54.186584,0.485,0.515,1.0
2025-12-11T07:48:54.801855,0.485,0.515,1.0
2025-12-11T07:48:55.430752,0.485,0.515,1.0
2025-12-11T07:48:56.049028,0.475,0.525,1.0
2025-12-11T07:48:56.705118,0.455,0.545,1.0
2025-12-11T07:48:57.348495,0.455,0.555,1.01
2025-12-11T07:48:57.964233,0.45,0.55,1.0
2025-12-11T07:48:58.575611,0.445,0.555,1.0
2025-12-11T07:48:59.203666,0.435,0.565,1.0
2025-12-11T07:48:59.817846,0.435,0.565,1.0
2025-12-11T07:49:00.440657,0.44,0.56,1.0
2025-12-11T07:49:01.135556,0.44,0.555,0.9950000000000001
2025-12-11T07:49:01.743550,0.445,0.555,1.0
2025-12-11T07:49:02.368089,0.455,0.545,1.0
2025-12-11T07:49:03.001005,0.445,0.555,1.0
2025-12-11T07:49:03.648469,0.445,0.555,1.0
2025-12-11T07:49:04.265469,0.445,0.555,1.0
2025-12-11T07:49:04.888169,0.435,0.565,1.0
2025-12-11T07:49:05.514896,0.425,0.575,1.0
2025-12-11T07:49:06.228087,0.43,0.57,1.0
2025-12-11T07:49:06.847108,0.425,0.575,1.0
2025-12-11T07:49:07.470083,0.425,0.575,1.0
2025-12-11T07:49:08.101335,0.425,0.575,1.0
2025-12-11T07:49:08.738477,0.425,0.575,1.0
2025-12-11T07:49:09.386482,0.415,0.585,1.0
2025-12-11T07:49:10.019429,0.405,0.595,1.0
2025-12-11T07:49:10.634798,0.42,0.58,1.0
2025-12-11T07:49:11.263001,0.42,0.585,1.005
2025-12-11T07:49:11.877188,0.415,0.585,1.0
2025-12-11T07:49:12.498564,0.415,0.585,1.0
2025-12-11T07:49:13.131518,0.415,0.585,1.0
2025-12-11T07:49:13.755581,0.42,0.575,0.9949999999999999
2025-12-11T07:49:14.380194,0.42,0.575,0.9949999999999999
2025-12-11T07:49:15.031793,0.425,0.575,1.0
2025-12-11T07:49:15.655389,0.425,0.575,1.0
2025-12-11T07:49:16.286400,0.425,0.575,1.0
2025-12-11T07:49:16.906209,0.425,0.575,1.0
2025-12-11T07:49:17.529348,0.425,0.575,1.0
2025-12-11T07:49:18.158874,0.425,0.575,1.0
2025-12-11T07:49:18.781765,0.425,0.565,0.99
2025-12-11T07:49:17.853766,0.475,0.545,1.02
2025-12-11T07:49:18.462005,0.465,0.535,1.0
2025-12-11T07:49:19.098976,0.465,0.535,1.0
2025-12-11T07:49:19.714220,0.455,0.545,1.0
2025-12-11T07:49:20.328239,0.455,0.545,1.0
2025-12-11T07:49:20.975071,0.465,0.535,1.0
2025-12-11T07:49:21.590871,0.465,0.535,1.0
2025-12-11T07:49:22.215508,0.47,0.53,1.0
2025-12-11T07:49:22.822661,0.475,0.525,1.0
2025-12-11T07:49:23.450446,0.465,0.535,1.0
2025-12-11T07:49:24.065377,0.46,0.545,1.0050000000000001
2025-12-11T07:49:24.695177,0.455,0.545,1.0
2025-12-11T07:49:25.321083,0.455,0.545,1.0
2025-12-11T07:49:25.946172,0.455,0.545,1.0
2025-12-11T07:49:26.565732,0.445,0.555,1.0
2025-12-11T07:49:27.207126,0.445,0.555,1.0
2025-12-11T07:49:27.830695,0.445,0.555,1.0
2025-12-11T07:49:28.446687,0.455,0.545,1.0
2025-12-11T07:49:29.108673,0.455,0.545,1.0
2025-12-11T07:49:29.731850,0.455,0.545,1.0
2025-12-11T07:49:30.350311,0.47,0.53,1.0
2025-12-11T07:49:30.969766,0.47,0.525,0.995
2025-12-11T07:49:31.598611,0.475,0.525,1.0
2025-12-11T07:49:32.231534,0.475,0.525,1.0
2025-12-11T07:49:32.850778,0.475,0.525,1.0
2025-12-11T07:49:33.462840,0.475,0.53,1.005
2025-12-11T07:49:34.089986,0.465,0.535,1.0
2025-12-11T07:49:34.715489,0.455,0.545,1.0
2025-12-11T07:49:35.323955,0.445,0.555,1.0
2025-12-11T07:49:35.934924,0.45,0.55,1.0
2025-12-11T07:49:36.549810,0.445,0.555,1.0
2025-12-11T07:49:37.183296,0.455,0.545,1.0
2025-12-11T07:49:37.823407,0.465,0.535,1.0
2025-12-11T07:49:38.433588,0.465,0.535,1.0
2025-12-11T07:49:39.065075,0.465,0.535,1.0
2025-12-11T07:49:39.684820,0.455,0.545,1.0
2025-12-11T07:49:40.303147,0.455,0.545,1.0
2025-12-11T07:49:40.927631,0.42,0.58,1.0
2025-12-11T07:49:41.554665,0.405,0.585,0.99
2025-12-11T07:49:42.201832,0.42,0.58,1.0
2025-12-11T07:49:42.820758,0.43,0.575,1.005
2025-12-11T07:49:43.452171,0.425,0.575,1.0
2025-12-11T07:49:44.075568,0.425,0.575,1.0
2025-12-11T07:49:44.703469,0.42,0.57,0.99
2025-12-11T07:49:45.335084,0.425,0.575,1.0
2025-12-11T07:49:45.958007,0.42,0.575,0.9949999999999999
2025-12-11T07:49:46.571542,0.435,0.565,1.0
2025-12-11T07:49:47.199813,0.435,0.565,1.0
2025-12-11T07:49:47.816064,0.43,0.57,1.0
2025-12-11T07:49:48.428785,0.425,0.575,1.0
2025-12-11T07:49:49.057891,0.43,0.57,1.0
2025-12-11T07:49:48.102500,0.43,0.57,1.0
2025-12-11T07:49:48.834244,0.43,0.57,1.0
2025-12-11T07:49:49.450247,0.43,0.57,1.0
2025-12-11T07:49:50.075048,0.43,0.57,1.0
2025-12-11T07:49:50.694795,0.43,0.57,1.0
2025-12-11T07:49:51.325076,0.425,0.575,1.0
2025-12-11T07:49:51.950977,0.425,0.575,1.0
2025-12-11T07:49:52.571718,0.425,0.575,1.0
2025-12-11T07:49:53.183286,0.425,0.575,1.0
2025-12-11T07:49:53.802457,0.425,0.575,1.0
2025-12-11T07:49:54.412058,0.425,0.575,1.0
2025-12-11T07:49:55.027367,0.425,0.575,1.0
2025-12-11T07:49:55.654750,0.43,0.57,1.0
2025-12-11T07:49:56.285878,0.43,0.57,1.0
2025-12-11T07:49:56.909511,0.43,0.57,1.0
2025-12-11T07:49:57.527060,0.43,0.57,1.0
2025-12-11T07:49:58.142767,0.425,0.57,0.9949999999999999
2025-12-11T07:49:58.771659,0.43,0.57,1.0
2025-12-11T07:49:59.388125,0.43,0.57,1.0
2025-12-11T07:49:59.998458,0.43,0.57,1.0
2025-12-11T07:50:00.626442,0.43,0.57,1.0
2025-12-11T07:50:01.249919,0.44,0.555,0.9950000000000001
2025-12-11T07:50:01.862862,0.455,0.545,1.0
2025-12-11T07:50:02.487242,0.465,0.535,1.0
2025-12-11T07:50:03.112752,0.475,0.525,1.0
2025-12-11T07:50:03.764259,0.465,0.53,0.9950000000000001
2025-12-11T07:50:04.384531,0.47,0.53,1.0
2025-12-11T07:50:05.025763,0.47,0.53,1.0
2025-12-11T07:50:05.661173,0.465,0.535,1.0
2025-12-11T07:50:06.295599,0.465,0.535,1.0
2025-12-11T07:50:06.914078,0.455,0.545,1.0
2025-12-11T07:50:07.613305,0.395,0.615,1.01
2025-12-11T07:50:08.242579,0.385,0.615,1.0
2025-12-11T07:50:08.860017,0.365,0.635,1.0
2025-12-11T07:50:09.488915,0.37,0.63,1.0
2025-12-11T07:50:10.167915,0.365,0.635,1.0
2025-12-11T07:50:10.797911,0.365,0.635,1.0
2025-12-11T07:50:11.423656,0.365,0.635,1.0
2025-12-11T07:50:12.064736,0.37,0.63,1.0
2025-12-11T07:50:12.686204,0.365,0.635,1.0
2025-12-11T07:50:13.326002,0.375,0.625,1.0
2025-12-11T07:50:13.953747,0.375,0.625,1.0
2025-12-11T07:50:14.580343,0.375,0.625,1.0
2025-12-11T07:50:15.210092,0.375,0.625,1.0
2025-12-11T07:50:15.821462,0.375,0.625,1.0
2025-12-11T07:50:16.456410,0.375,0.625,1.0
2025-12-11T07:50:17.075782,0.375,0.625,1.0
2025-12-11T07:50:17.703788,0.375,0.625,1.0
2025-12-11T07:50:18.337570,0.385,0.615,1.0
2025-12-11T07:50:18.952225,0.385,0.615,1.0
2025-12-11T07:50:19.569106,0.385,0.615,1.0
2025-12-11T07:50:20.183081,0.385,0.615,1.0
2025-12-11T07:50:19.216894,0.385,0.615,1.0
2025-12-11T07:50:19.838452,0.38,0.625,1.005
2025-12-11T07:50:20.460183,0.385,0.615,1.0
2025-12-11T07:50:21.082066,0.38,0.625,1.005
2025-12-11T07:50:21.705914,0.375,0.625,1.0
2025-12-11T07:50:22.318918,0.38,0.62,1.0
2025-12-11T07:50:22.948452,0.375,0.625,1.0
2025-12-11T07:50:23.587422,0.385,0.615,1.0
2025-12-11T07:50:24.217735,0.385,0.615,1.0
2025-12-11T07:50:24.840863,0.375,0.625,1.0
2025-12-11T07:50:25.478802,0.37,0.63,1.0
2025-12-11T07:50:26.098847,0.375,0.625,1.0
2025-12-11T07:50:26.718694,0.36,0.64,1.0
2025-12-11T07:50:27.337270,0.355,0.645,1.0
2025-12-11T07:50:27.971916,0.36,0.64,1.0
2025-12-11T07:50:28.585408,0.355,0.645,1.0
2025-12-11T07:50:29.193554,0.345,0.655,1.0
2025-12-11T07:50:29.799649,0.345,0.655,1.0
2025-12-11T07:50:30.439165,0.345,0.655,1.0
2025-12-11T07:50:31.063839,0.34,0.66,1.0
2025-12-11T07:50:31.763234,0.34,0.66,1.0
2025-12-11T07:50:32.396005,0.34,0.66,1.0
2025-12-11T07:50:33.036697,0.355,0.645,1.0
2025-12-11T07:50:33.656841,0.345,0.655,1.0
2025-12-11T07:50:34.286801,0.35,0.65,1.0
2025-12-11T07:50:34.918969,0.345,0.655,1.0
2025-12-11T07:50:35.538577,0.345,0.655,1.0
2025-12-11T07:50:36.163297,0.345,0.655,1.0
2025-12-11T07:50:36.789443,0.345,0.655,1.0
2025-12-11T07:50:37.412721,0.31,0.695,1.005
2025-12-11T07:50:38.023377,0.31,0.69,1.0
2025-12-11T07:50:38.662366,0.315,0.685,1.0
2025-12-11T07:50:39.290989,0.31,0.695,1.005
2025-12-11T07:50:39.913961,0.295,0.71,1.005
2025-12-11T07:50:40.526543,0.265,0.735,1.0
2025-12-11T07:50:41.149192,0.27,0.725,0.995
2025-12-11T07:50:41.771532,0.285,0.705,0.99
2025-12-11T07:50:42.462254,0.29,0.705,0.9949999999999999
2025-12-11T07:50:43.094316,0.275,0.725,1.0
2025-12-11T07:50:43.708437,0.28,0.72,1.0
2025-12-11T07:50:44.357574,0.28,0.72,1.0
2025-12-11T07:50:45.000154,0.265,0.735,1.0
2025-12-11T07:50:45.614165,0.285,0.715,1.0
2025-12-11T07:50:46.251150,0.28,0.725,1.005
2025-12-11T07:50:46.882553,0.295,0.705,1.0
2025-12-11T07:50:47.525594,0.305,0.695,1.0
2025-12-11T07:50:48.148285,0.295,0.705,1.0
2025-12-11T07:50:48.762189,0.295,0.705,1.0
2025-12-11T07:50:49.411111,0.295,0.705,1.0
2025-12-11T07:50:50.053904,0.285,0.715,1.0
2025-12-11T07:50:50.676125,0.285,0.715,1.0
2025-12-11T07:50:49.774870,0.285,0.715,1.0
2025-12-11T07:50:50.391720,0.285,0.715,1.0
2025-12-11T07:50:51.009775,0.285,0.715,1.0
2025-12-11T07:50:51.655079,0.275,0.725,1.0
2025-12-11T07:50:52.337181,0.275,0.725,1.0
2025-12-11T07:50:52.958229,0.275,0.725,1.0
2025-12-11T07:50:53.571546,0.295,0.705,1.0
2025-12-11T07:50:54.225535,0.305,0.695,1.0
2025-12-11T07:50:54.839412,0.31,0.69,1.0
2025-12-11T07:50:55.456988,0.305,0.695,1.0
2025-12-11T07:50:56.078637,0.305,0.69,0.9949999999999999
2025-12-11T07:50:56.707540,0.305,0.695,1.0
2025-12-11T07:50:57.337094,0.305,0.695,1.0
2025-12-11T07:50:57.973069,0.305,0.695,1.0
2025-12-11T07:50:58.590305,0.305,0.695,1.0
2025-12-11T07:50:59.212985,0.295,0.705,1.0
2025-12-11T07:50:59.842206,0.3,0.7,1.0
2025-12-11T07:51:00.452486,0.295,0.705,1.0
2025-12-11T07:51:01.067669,0.295,0.705,1.0
2025-12-11T07:51:01.695837,0.3,0.7,1.0
2025-12-11T07:51:02.316385,0.305,0.695,1.0
2025-12-11T07:51:02.934424,0.305,0.69,0.9949999999999999
2025-12-11T07:51:03.555395,0.285,0.715,1.0
2025-12-11T07:51:04.198565,0.285,0.715,1.0
2025-12-11T07:51:04.816145,0.285,0.715,1.0
2025-12-11T07:51:05.440670,0.285,0.715,1.0
2025-12-11T07:51:06.067509,0.285,0.715,1.0
2025-12-11T07:51:06.703494,0.29,0.71,1.0
2025-12-11T07:51:07.339024,0.295,0.705,1.0
2025-12-11T07:51:07.963148,0.295,0.705,1.0
2025-12-11T07:51:08.576452,0.295,0.705,1.0
2025-12-11T07:51:09.183569,0.295,0.705,1.0
2025-12-11T07:51:09.814196,0.295,0.67,0.9650000000000001
2025-12-11T07:51:10.434343,0.36,0.635,0.995
2025-12-11T07:51:11.048882,0.38,0.62,1.0
2025-12-11T07:51:11.671265,0.385,0.615,1.0
2025-12-11T07:51:12.288870,0.38,0.62,1.0
2025-12-11T07:51:12.909693,0.38,0.625,1.005
2025-12-11T07:51:13.537433,0.375,0.625,1.0
2025-12-11T07:51:14.159231,0.375,0.625,1.0
2025-12-11T07:51:14.786098,0.375,0.625,1.0
2025-12-11T07:51:15.411287,0.38,0.62,1.0
2025-12-11T07:51:16.045322,0.38,0.62,1.0
2025-12-11T07:51:16.669980,0.38,0.62,1.0
2025-12-11T07:51:17.281858,0.38,0.62,1.0
2025-12-11T07:51:17.933272,0.38,0.62,1.0
2025-12-11T07:51:18.615606,0.38,0.62,1.0
2025-12-11T07:51:19.234252,0.38,0.62,1.0
2025-12-11T07:51:19.861198,0.38,0.62,1.0
2025-12-11T07:51:20.470068,0.38,0.62,1.0
2025-12-11T07:51:21.090609,0.38,0.62,1.0
2025-12-11T07:51:21.703153,0.38,0.62,1.0
2025-12-11T07:51:20.787034,0.385,0.615,1.0
2025-12-11T07:51:21.399642,0.38,0.615,0.995
2025-12-11T07:51:22.025452,0.395,0.605,1.0
2025-12-11T07:51:22.663951,0.41,0.59,1.0
2025-12-11T07:51:23.287110,0.415,0.585,1.0
2025-12-11T07:51:23.928680,0.415,0.585,1.0
2025-12-11T07:51:24.572546,0.425,0.575,1.0
2025-12-11T07:51:25.196708,0.425,0.575,1.0
2025-12-11T07:51:25.830275,0.405,0.595,1.0
2025-12-11T07:51:26.465025,0.41,0.59,1.0
2025-12-11T07:51:27.097311,0.41,0.59,1.0
2025-12-11T07:51:27.733308,0.41,0.59,1.0
2025-12-11T07:51:28.364568,0.41,0.59,1.0
2025-12-11T07:51:28.982026,0.41,0.59,1.0
2025-12-11T07:51:29.602164,0.41,0.59,1.0
2025-12-11T07:51:30.240724,0.415,0.585,1.0
2025-12-11T07:51:30.863536,0.41,0.59,1.0
2025-12-11T07:51:31.523106,0.405,0.595,1.0
2025-12-11T07:51:32.176358,0.395,0.605,1.0
2025-12-11T07:51:32.789667,0.365,0.635,1.0
2025-12-11T07:51:33.421761,0.365,0.635,1.0
2025-12-11T07:51:34.041145,0.37,0.63,1.0
2025-12-11T07:51:34.652611,0.365,0.635,1.0
2025-12-11T07:51:35.283745,0.365,0.63,0.995
2025-12-11T07:51:35.892342,0.375,0.625,1.0
2025-12-11T07:51:36.526547,0.375,0.625,1.0
2025-12-11T07:51:37.205851,0.365,0.635,1.0
2025-12-11T07:51:37.833109,0.365,0.635,1.0
2025-12-11T07:51:38.537694,0.365,0.635,1.0
2025-12-11T07:51:39.167617,0.365,0.635,1.0
2025-12-11T07:51:39.799695,0.365,0.635,1.0
2025-12-11T07:51:40.429700,0.355,0.645,1.0
2025-12-11T07:51:41.040637,0.36,0.64,1.0
2025-12-11T07:51:41.662883,0.355,0.645,1.0
2025-12-11T07:51:42.294294,0.345,0.655,1.0
2025-12-11T07:51:42.902162,0.345,0.655,1.0
2025-12-11T07:51:43.550414,0.32,0.67,0.99
2025-12-11T07:51:44.204478,0.335,0.665,1.0
2025-12-11T07:51:44.882170,0.345,0.655,1.0
2025-12-11T07:51:45.536103,0.36,0.64,1.0
2025-12-11T07:51:46.184369,0.365,0.64,1.005
2025-12-11T07:51:46.800932,0.355,0.645,1.0
2025-12-11T07:51:47.432748,0.36,0.64,1.0
2025-12-11T07:51:48.071898,0.36,0.64,1.0
2025-12-11T07:51:48.714786,0.355,0.645,1.0
2025-12-11T07:51:49.362595,0.35,0.65,1.0
2025-12-11T07:51:50.008027,0.35,0.65,1.0
2025-12-11T07:51:50.640022,0.35,0.65,1.0
2025-12-11T07:51:51.270302,0.35,0.65,1.0
2025-12-11T07:51:51.901468,0.35,0.65,1.0
2025-12-11T07:51:50.986652,0.35,0.65,1.0
2025-12-11T07:51:51.615231,0.35,0.65,1.0
2025-12-11T07:51:52.243651,0.35,0.65,1.0
2025-12-11T07:51:52.901199,0.35,0.65,1.0
2025-12-11T07:51:53.561018,0.345,0.655,1.0
2025-12-11T07:51:54.181971,0.35,0.65,1.0
2025-12-11T07:51:54.824971,0.35,0.65,1.0
2025-12-11T07:51:55.446785,0.345,0.655,1.0
2025-12-11T07:51:56.066609,0.355,0.645,1.0
2025-12-11T07:51:56.771226,0.365,0.635,1.0
2025-12-11T07:51:57.400041,0.37,0.63,1.0
2025-12-11T07:51:58.023712,0.385,0.615,1.0
2025-12-11T07:51:58.654099,0.385,0.615,1.0
2025-12-11T07:51:59.298451,0.375,0.625,1.0
2025-12-11T07:51:59.935801,0.3,0.705,1.005
2025-12-11T07:52:00.567315,0.26,0.74,1.0
2025-12-11T07:52:01.194629,0.255,0.745,1.0
2025-12-11T07:52:01.841124,0.26,0.74,1.0
2025-12-11T07:52:02.460042,0.265,0.735,1.0
2025-12-11T07:52:03.091166,0.265,0.735,1.0
2025-12-11T07:52:03.715531,0.265,0.735,1.0
2025-12-11T07:52:04.343815,0.255,0.745,1.0
2025-12-11T07:52:04.981514,0.23,0.77,1.0
2025-12-11T07:52:05.624509,0.225,0.775,1.0
2025-12-11T07:52:06.261357,0.235,0.76,0.995
2025-12-11T07:52:06.895828,0.235,0.765,1.0
2025-12-11T07:52:07.605998,0.235,0.765,1.0
2025-12-11T07:52:08.240280,0.225,0.775,1.0
2025-12-11T07:52:08.868989,0.205,0.795,1.0
2025-12-11T07:52:09.512567,0.195,0.805,1.0
2025-12-11T07:52:10.140624,0.195,0.805,1.0
2025-12-11T07:52:10.782932,0.19,0.81,1.0
2025-12-11T07:52:11.412612,0.205,0.795,1.0
2025-12-11T07:52:12.049634,0.2,0.8,1.0
2025-12-11T07:52:12.672655,0.2,0.8,1.0
2025-12-11T07:52:13.293556,0.2,0.8,1.0
2025-12-11T07:52:13.903709,0.205,0.795,1.0
2025-12-11T07:52:14.534307,0.215,0.785,1.0
2025-12-11T07:52:15.173753,0.21,0.79,1.0
2025-12-11T07:52:15.798926,0.195,0.805,1.0
2025-12-11T07:52:16.445717,0.2,0.805,1.0050000000000001
2025-12-11T07:52:17.062503,0.2,0.8,1.0
2025-12-11T07:52:17.695764,0.2,0.805,1.0050000000000001
2025-12-11T07:52:18.334524,0.195,0.805,1.0
2025-12-11T07:52:18.968285,0.195,0.805,1.0
2025-12-11T07:52:19.584178,0.195,0.81,1.0050000000000001
2025-12-11T07:52:20.234504,0.185,0.815,1.0
2025-12-11T07:52:20.857678,0.19,0.815,1.005
2025-12-11T07:52:21.483184,0.185,0.815,1.0
2025-12-11T07:52:22.096819,0.19,0.81,1.0
2025-12-11T07:52:22.721296,0.195,0.805,1.0
2025-12-11T07:52:21.776523,0.205,0.795,1.0
2025-12-11T07:52:22.400549,0.205,0.795,1.0
2025-12-11T07:52:23.013686,0.205,0.795,1.0
2025-12-11T07:52:23.666019,0.205,0.795,1.0
2025-12-11T07:52:24.288387,0.205,0.785,0.99
2025-12-11T07:52:24.919265,0.225,0.785,1.01
2025-12-11T07:52:25.534695,0.215,0.785,1.0
2025-12-11T07:52:26.186202,0.215,0.785,1.0
2025-12-11T07:52:26.798324,0.215,0.775,0.99
2025-12-11T07:52:27.456002,0.23,0.765,0.995
2025-12-11T07:52:28.070717,0.235,0.77,1.005
2025-12-11T07:52:28.701680,0.23,0.77,1.0
2025-12-11T07:52:29.333493,0.235,0.765,1.0
2025-12-11T07:52:29.955598,0.245,0.755,1.0
2025-12-11T07:52:30.586712,0.24,0.76,1.0
2025-12-11T07:52:31.212864,0.235,0.765,1.0
2025-12-11T07:52:31.839806,0.23,0.77,1.0
2025-12-11T07:52:32.457063,0.23,0.77,1.0
2025-12-11T07:52:33.077756,0.23,0.77,1.0
2025-12-11T07:52:33.717685,0.23,0.77,1.0
2025-12-11T07:52:34.342170,0.24,0.765,1.005
2025-12-11T07:52:34.971682,0.235,0.765,1.0
2025-12-11T07:52:35.597262,0.235,0.765,1.0
2025-12-11T07:52:36.218102,0.225,0.775,1.0
2025-12-11T07:52:36.842049,0.225,0.775,1.0
2025-12-11T07:52:37.466050,0.235,0.765,1.0
2025-12-11T07:52:38.081880,0.225,0.775,1.0
2025-12-11T07:52:38.701360,0.225,0.765,0.99
2025-12-11T07:52:39.313924,0.225,0.78,1.0050000000000001
2025-12-11T07:52:39.929622,0.22,0.78,1.0
2025-12-11T07:52:40.549392,0.22,0.78,1.0
2025-12-11T07:52:41.161776,0.22,0.78,1.0
2025-12-11T07:52:41.789110,0.23,0.77,1.0
2025-12-11T07:52:42.400033,0.23,0.77,1.0
2025-12-11T07:52:43.015964,0.23,0.77,1.0
2025-12-11T07:52:43.626101,0.225,0.775,1.0
2025-12-11T07:52:44.244780,0.225,0.775,1.0
2025-12-11T07:52:44.869855,0.225,0.775,1.0
2025-12-11T07:52:45.489781,0.225,0.775,1.0
2025-12-11T07:52:46.103918,0.225,0.775,1.0
2025-12-11T07:52:46.735923,0.225,0.775,1.0
2025-12-11T07:52:47.351921,0.225,0.775,1.0
2025-12-11T07:52:47.976375,0.225,0.775,1.0
2025-12-11T07:52:48.583208,0.225,0.775,1.0
2025-12-11T07:52:49.195894,0.225,0.775,1.0
2025-12-11T07:52:49.824191,0.23,0.77,1.0
2025-12-11T07:52:50.444236,0.23,0.77,1.0
2025-12-11T07:52:51.076305,0.23,0.77,1.0
2025-12-11T07:52:51.706030,0.23,0.77,1.0
2025-12-11T07:52:52.329597,0.23,0.77,1.0
2025-12-11T07:52:52.946198,0.235,0.765,1.0
2025-12-11T07:52:53.574806,0.245,0.755,1.0
2025-12-11T07:52:52.648319,0.245,0.755,1.0
2025-12-11T07:52:53.269694,0.245,0.755,1.0
2025-12-11T07:52:53.908849,0.245,0.755,1.0
2025-12-11T07:52:54.537423,0.245,0.755,1.0
2025-12-11T07:52:55.165539,0.245,0.755,1.0
2025-12-11T07:52:55.792397,0.205,0.8,1.0050000000000001
2025-12-11T07:52:56.427104,0.195,0.805,1.0
2025-12-11T07:52:57.084550,0.205,0.795,1.0
2025-12-11T07:52:57.715126,0.205,0.795,1.0
2025-12-11T07:52:58.338654,0.205,0.795,1.0
2025-12-11T07:52:58.978693,0.215,0.785,1.0
2025-12-11T07:52:59.612743,0.215,0.785,1.0
2025-12-11T07:53:00.239370,0.225,0.77,0.995
2025-12-11T07:53:00.867106,0.225,0.77,0.995
2025-12-11T07:53:01.501716,0.24,0.76,1.0
2025-12-11T07:53:02.119747,0.245,0.755,1.0
2025-12-11T07:53:02.736823,0.245,0.755,1.0
2025-12-11T07:53:03.366056,0.245,0.755,1.0
2025-12-11T07:53:03.992807,0.245,0.755,1.0
2025-12-11T07:53:04.607825,0.245,0.755,1.0
2025-12-11T07:53:05.244519,0.235,0.76,0.995
2025-12-11T07:53:05.909627,0.24,0.76,1.0
2025-12-11T07:53:06.536242,0.245,0.755,1.0
2025-12-11T07:53:07.166906,0.24,0.76,1.0
2025-12-11T07:53:07.797381,0.24,0.755,0.995
2025-12-11T07:53:08.436112,0.255,0.745,1.0
2025-12-11T07:53:09.074677,0.265,0.735,1.0
2025-12-11T07:53:09.692274,0.265,0.735,1.0
2025-12-11T07:53:10.320833,0.265,0.735,1.0
2025-12-11T07:53:10.966207,0.255,0.745,1.0
2025-12-11T07:53:11.600248,0.255,0.745,1.0
2025-12-11T07:53:12.217728,0.255,0.745,1.0
2025-12-11T07:53:12.849204,0.24,0.76,1.0
2025-12-11T07:53:13.485890,0.24,0.76,1.0
2025-12-11T07:53:14.103735,0.24,0.76,1.0
2025-12-11T07:53:14.719628,0.24,0.76,1.0
2025-12-11T07:53:15.349523,0.225,0.775,1.0
2025-12-11T07:53:16.020893,0.195,0.805,1.0
2025-12-11T07:53:16.661746,0.19,0.805,0.9950000000000001
2025-12-11T07:53:17.290643,0.2,0.8,1.0
2025-12-11T07:53:17.971903,0.205,0.795,1.0
2025-12-11T07:53:18.597947,0.195,0.805,1.0
2025-12-11T07:53:19.236632,0.205,0.805,1.01
2025-12-11T07:53:19.884470,0.195,0.805,1.0
2025-12-11T07:53:20.506217,0.2,0.8,1.0
2025-12-11T07:53:21.150186,0.195,0.805,1.0
2025-12-11T07:53:21.792315,0.195,0.805,1.0
2025-12-11T07:53:22.407300,0.185,0.815,1.0
2025-12-11T07:53:23.034514,0.195,0.81,1.0050000000000001
2025-12-11T07:53:23.654395,0.185,0.815,1.0
2025-12-11T07:53:24.315177,0.185,0.815,1.0
2025-12-11T07:53:23.376385,0.185,0.815,1.0
2025-12-11T07:53:24.007483,0.185,0.815,1.0
2025-12-11T07:53:24.656116,0.175,0.825,1.0
2025-12-11T07:53:25.294037,0.175,0.825,1.0
2025-12-11T07:53:25.932137,0.175,0.825,1.0
2025-12-11T07:53:26.592468,0.165,0.83,0.995
2025-12-11T07:53:27.215731,0.175,0.82,0.9949999999999999
2025-12-11T07:53:27.832861,0.18,0.82,1.0
2025-12-11T07:53:28.455768,0.18,0.82,1.0
2025-12-11T07:53:29.089908,0.18,0.82,1.0
2025-12-11T07:53:29.721013,0.18,0.825,1.005
2025-12-11T07:53:30.346926,0.175,0.825,1.0
2025-12-11T07:53:30.975298,0.175,0.825,1.0
2025-12-11T07:53:31.607503,0.175,0.825,1.0
2025-12-11T07:53:32.241686,0.175,0.825,1.0
2025-12-11T07:53:32.872494,0.175,0.825,1.0
2025-12-11T07:53:33.498586,0.18,0.82,1.0
2025-12-11T07:53:34.126888,0.185,0.82,1.005
2025-12-11T07:53:34.751602,0.175,0.825,1.0
2025-12-11T07:53:35.381052,0.165,0.835,1.0
2025-12-11T07:53:36.027481,0.175,0.825,1.0
2025-12-11T07:53:36.658217,0.175,0.825,1.0
2025-12-11T07:53:37.288643,0.175,0.825,1.0
2025-12-11T07:53:37.930754,0.175,0.825,1.0
2025-12-11T07:53:38.557996,0.175,0.825,1.0
2025-12-11T07:53:39.188590,0.18,0.82,1.0
2025-12-11T07:53:39.817334,0.185,0.815,1.0
2025-12-11T07:53:40.444179,0.185,0.815,1.0
2025-12-11T07:53:41.077466,0.18,0.82,1.0
2025-12-11T07:53:41.687715,0.18,0.82,1.0
2025-12-11T07:53:42.316933,0.18,0.82,1.0
2025-12-11T07:53:42.960427,0.18,0.82,1.0
2025-12-11T07:53:43.599098,0.175,0.825,1.0
2025-12-11T07:53:44.237961,0.175,0.825,1.0
2025-12-11T07:53:44.871168,0.175,0.825,1.0
2025-12-11T07:53:45.505180,0.175,0.825,1.0
2025-12-11T07:53:46.201371,0.175,0.825,1.0
2025-12-11T07:53:46.843088,0.175,0.825,1.0
2025-12-11T07:53:47.485769,0.17,0.835,1.005
2025-12-11T07:53:48.120892,0.125,0.885,1.01
2025-12-11T07:53:48.752703,0.115,0.885,1.0
2025-12-11T07:53:49.391753,0.12,0.87,0.99
2025-12-11T07:53:50.007918,0.135,0.875,1.01
2025-12-11T07:53:50.647434,0.13,0.855,0.985
2025-12-11T07:53:51.281337,0.18,0.82,1.0
2025-12-11T07:53:51.957936,0.185,0.815,1.0
2025-12-11T07:53:52.577363,0.185,0.815,1.0
2025-12-11T07:53:53.226251,0.185,0.815,1.0
2025-12-11T07:53:53.870102,0.175,0.825,1.0
2025-12-11T07:53:54.508651,0.195,0.805,1.0
2025-12-11T07:53:55.145356,0.205,0.795,1.0
2025-12-11T07:53:54.209048,0.205,0.795,1.0
2025-12-11T07:53:54.828729,0.215,0.785,1.0
2025-12-11T07:53:55.465169,0.215,0.785,1.0
2025-12-11T07:53:56.095615,0.2,0.8,1.0
2025-12-11T07:53:56.712670,0.205,0.795,1.0
2025-12-11T07:53:57.371336,0.205,0.795,1.0
2025-12-11T07:53:57.986162,0.205,0.795,1.0
2025-12-11T07:53:58.612035,0.205,0.795,1.0
2025-12-11T07:53:59.244793,0.205,0.795,1.0
2025-12-11T07:53:59.874506,0.205,0.795,1.0
2025-12-11T07:54:00.499079,0.205,0.795,1.0
2025-12-11T07:54:01.120747,0.205,0.795,1.0
2025-12-11T07:54:01.746475,0.215,0.785,1.0
2025-12-11T07:54:02.375143,0.225,0.775,1.0
2025-12-11T07:54:03.000382,0.24,0.755,0.995
2025-12-11T07:54:03.630636,0.235,0.765,1.0
2025-12-11T07:54:04.249954,0.215,0.785,1.0
2025-12-11T07:54:04.909511,0.215,0.785,1.0
2025-12-11T07:54:05.537669,0.215,0.785,1.0
2025-12-11T07:54:06.154402,0.215,0.785,1.0
2025-12-11T07:54:06.783060,0.205,0.795,1.0
2025-12-11T07:54:07.403820,0.205,0.795,1.0
2025-12-11T07:54:08.026869,0.205,0.795,1.0
2025-12-11T07:54:08.652222,0.215,0.79,1.0050000000000001
2025-12-11T07:54:09.276870,0.205,0.795,1.0
2025-12-11T07:54:09.897405,0.205,0.795,1.0
2025-12-11T07:54:10.522889,0.2,0.8,1.0
2025-12-11T07:54:11.146106,0.2,0.8,1.0
2025-12-11T07:54:11.768892,0.195,0.805,1.0
2025-12-11T07:54:12.411503,0.2,0.8,1.0
2025-12-11T07:54:13.039964,0.2,0.8,1.0
2025-12-11T07:54:13.673545,0.2,0.805,1.0050000000000001
2025-12-11T07:54:14.313849,0.195,0.805,1.0
2025-12-11T07:54:14.933011,0.195,0.805,1.0
2025-12-11T07:54:15.547614,0.19,0.81,1.0
2025-12-11T07:54:16.172784,0.185,0.815,1.0
2025-12-11T07:54:16.794264,0.185,0.815,1.0
2025-12-11T07:54:17.427423,0.2,0.8,1.0
2025-12-11T07:54:18.075566,0.2,0.8,1.0
2025-12-11T07:54:18.701215,0.2,0.8,1.0
2025-12-11T07:54:19.313908,0.2,0.8,1.0
2025-12-11T07:54:19.939205,0.215,0.785,1.0
2025-12-11T07:54:20.565732,0.225,0.775,1.0
2025-12-11T07:54:21.194731,0.225,0.78,1.0050000000000001
2025-12-11T07:54:21.826033,0.22,0.78,1.0
2025-12-11T07:54:22.456720,0.215,0.785,1.0
2025-12-11T07:54:23.180176,0.21,0.79,1.0
2025-12-11T07:54:23.797748,0.205,0.795,1.0
2025-12-11T07:54:24.431014,0.21,0.79,1.0
2025-12-11T07:54:25.061469,0.21,0.79,1.0
2025-12-11T07:54:25.695800,0.21,0.79,1.0
2025-12-11T07:54:24.798497,0.21,0.795,1.0050000000000001
2025-12-11T07:54:25.417019,0.195,0.805,1.0
2025-12-11T07:54:26.044846,0.195,0.805,1.0
2025-12-11T07:54:26.667881,0.17,0.83,1.0
2025-12-11T07:54:27.303256,0.165,0.835,1.0
2025-12-11T07:54:27.922201,0.165,0.835,1.0
2025-12-11T07:54:28.550839,0.165,0.835,1.0
2025-12-11T07:54:29.184028,0.165,0.835,1.0
2025-12-11T07:54:29.802939,0.155,0.845,1.0
2025-12-11T07:54:30.427811,0.155,0.845,1.0
2025-12-11T07:54:31.066276,0.155,0.845,1.0
2025-12-11T07:54:31.686589,0.155,0.845,1.0
2025-12-11T07:54:32.346267,0.155,0.845,1.0
2025-12-11T07:54:32.969466,0.155,0.845,1.0
2025-12-11T07:54:33.590262,0.16,0.84,1.0
2025-12-11T07:54:34.279217,0.16,0.84,1.0
2025-12-11T07:54:34.916439,0.165,0.835,1.0
2025-12-11T07:54:35.569434,0.2,0.8,1.0
2025-12-11T07:54:36.195863,0.24,0.755,0.995
2025-12-11T07:54:36.832124,0.245,0.755,1.0
2025-12-11T07:54:37.441734,0.245,0.755,1.0
2025-12-11T07:54:38.063924,0.235,0.765,1.0
2025-12-11T07:54:38.674533,0.235,0.765,1.0
2025-12-11T07:54:39.301157,0.235,0.765,1.0
2025-12-11T07:54:39.925939,0.235,0.765,1.0
2025-12-11T07:54:40.559330,0.235,0.765,1.0
2025-12-11T07:54:41.180825,0.225,0.775,1.0
2025-12-11T07:54:41.803123,0.215,0.79,1.0050000000000001
2025-12-11T07:54:42.433384,0.215,0.785,1.0
2025-12-11T07:54:43.057853,0.22,0.78,1.0
2025-12-11T07:54:43.701095,0.225,0.775,1.0
2025-12-11T07:54:44.326187,0.225,0.775,1.0
2025-12-11T07:54:44.957313,0.22,0.78,1.0
2025-12-11T07:54:45.594445,0.21,0.79,1.0
2025-12-11T07:54:46.221212,0.205,0.795,1.0
2025-12-11T07:54:46.853384,0.215,0.78,0.995
2025-12-11T07:54:47.477163,0.205,0.795,1.0
2025-12-11T07:54:48.149477,0.205,0.795,1.0
2025-12-11T07:54:48.777637,0.205,0.795,1.0
2025-12-11T07:54:49.396411,0.205,0.795,1.0
2025-12-11T07:54:50.021561,0.205,0.795,1.0
2025-12-11T07:54:50.641141,0.21,0.79,1.0
2025-12-11T07:54:51.262587,0.205,0.795,1.0
2025-12-11T07:54:51.886129,0.215,0.785,1.0
2025-12-11T07:54:52.525156,0.215,0.785,1.0
2025-12-11T07:54:53.178450,0.225,0.775,1.0
2025-12-11T07:54:53.805501,0.215,0.785,1.0
2025-12-11T07:54:54.424564,0.215,0.785,1.0
2025-12-11T07:54:55.047743,0.215,0.785,1.0
2025-12-11T07:54:55.669707,0.215,0.785,1.0
2025-12-11T07:54:56.299774,0.215,0.795,1.01
2025-12-11T07:54:55.377170,0.205,0.795,1.0
2025-12-11T07:54:55.999728,0.205,0.795,1.0
2025-12-11T07:54:56.627685,0.205,0.795,1.0
2025-12-11T07:54:57.283662,0.21,0.785,0.995
2025-12-11T07:54:57.914746,0.225,0.775,1.0
2025-12-11T07:54:58.532085,0.225,0.775,1.0
2025-12-11T07:54:59.157912,0.225,0.775,1.0
2025-12-11T07:54:59.801242,0.225,0.765,0.99
2025-12-11T07:55:00.425369,0.225,0.775,1.0
2025-12-11T07:55:01.091183,0.225,0.775,1.0
2025-12-11T07:55:01.748332,0.205,0.795,1.0
2025-12-11T07:55:02.377960,0.165,0.835,1.0
2025-12-11T07:55:03.000450,0.17,0.83,1.0
2025-12-11T07:55:03.629186,0.175,0.82,0.9949999999999999
2025-12-11T07:55:04.265043,0.185,0.815,1.0
2025-12-11T07:55:04.884680,0.195,0.805,1.0
2025-12-11T07:55:05.602358,0.185,0.815,1.0
2025-12-11T07:55:06.261650,0.18,0.82,1.0
2025-12-11T07:55:06.896172,0.185,0.815,1.0
2025-12-11T07:55:07.519019,0.19,0.815,1.005
2025-12-11T07:55:08.149432,0.185,0.815,1.0
2025-12-11T07:55:08.780178,0.185,0.815,1.0
2025-12-11T07:55:09.425655,0.185,0.815,1.0
2025-12-11T07:55:10.061550,0.185,0.815,1.0
2025-12-11T07:55:10.691061,0.175,0.825,1.0
2025-12-11T07:55:11.315436,0.165,0.835,1.0
2025-12-11T07:55:11.927379,0.165,0.835,1.0
2025-12-11T07:55:12.644435,0.15,0.855,1.005
2025-12-11T07:55:13.272679,0.145,0.855,1.0
2025-12-11T07:55:13.894365,0.145,0.855,1.0
2025-12-11T07:55:14.527474,0.145,0.855,1.0
2025-12-11T07:55:15.157707,0.145,0.86,1.005
2025-12-11T07:55:15.814105,0.135,0.865,1.0
2025-12-11T07:55:16.452552,0.135,0.865,1.0
2025-12-11T07:55:17.070305,0.135,0.865,1.0
2025-12-11T07:55:17.707255,0.135,0.865,1.0
2025-12-11T07:55:18.350643,0.14,0.86,1.0
2025-12-11T07:55:18.964259,0.14,0.855,0.995
2025-12-11T07:55:19.615645,0.155,0.845,1.0
2025-12-11T07:55:20.235144,0.155,0.845,1.0
2025-12-11T07:55:20.861904,0.15,0.85,1.0
2025-12-11T07:55:21.490188,0.15,0.85,1.0
2025-12-11T07:55:22.114573,0.145,0.855,1.0
2025-12-11T07:55:22.734566,0.14,0.865,1.005
2025-12-11T07:55:23.467237,0.13,0.87,1.0
2025-12-11T07:55:24.086647,0.135,0.865,1.0
2025-12-11T07:55:24.712648,0.125,0.875,1.0
2025-12-11T07:55:25.327911,0.12,0.88,1.0
2025-12-11T07:55:25.950083,0.125,0.875,1.0
2025-12-11T07:55:26.583779,0.125,0.875,1.0
2025-12-11T07:55:27.218927,0.125,0.875,1.0
2025-12-11T07:55:26.291303,0.12,0.885,1.005
2025-12-11T07:55:26.921077,0.115,0.885,1.0
2025-12-11T07:55:27.541311,0.115,0.885,1.0
2025-12-11T07:55:28.168117,0.105,0.895,1.0
2025-12-11T07:55:28.805683,0.105,0.895,1.0
2025-12-11T07:55:29.429079,0.105,0.895,1.0
2025-12-11T07:55:30.057529,0.105,0.895,1.0
2025-12-11T07:55:30.687949,0.105,0.895,1.0
2025-12-11T07:55:31.336022,0.105,0.895,1.0
2025-12-11T07:55:31.962692,0.115,0.885,1.0
2025-12-11T07:55:32.593880,0.12,0.88,1.0
2025-12-11T07:55:33.200257,0.12,0.88,1.0
2025-12-11T07:55:33.819030,0.125,0.875,1.0
2025-12-11T07:55:34.454164,0.125,0.875,1.0
2025-12-11T07:55:35.111440,0.125,0.875,1.0
2025-12-11T07:55:35.746407,0.125,0.875,1.0
2025-12-11T07:55:36.375733,0.125,0.875,1.0
2025-12-11T07:55:37.006379,0.135,0.865,1.0
2025-12-11T07:55:37.646328,0.135,0.865,1.0
2025-12-11T07:55:38.278734,0.135,0.865,1.0
2025-12-11T07:55:38.897573,0.135,0.865,1.0
2025-12-11T07:55:39.518126,0.145,0.855,1.0
2025-12-11T07:55:40.147800,0.145,0.855,1.0
2025-12-11T07:55:40.782586,0.145,0.855,1.0
2025-12-11T07:55:41.417278,0.145,0.855,1.0
2025-12-11T07:55:42.044786,0.135,0.865,1.0
2025-12-11T07:55:42.674978,0.135,0.865,1.0
2025-12-11T07:55:43.369441,0.155,0.845,1.0
2025-12-11T07:55:43.990943,0.155,0.845,1.0
2025-12-11T07:55:44.614682,0.155,0.845,1.0
2025-12-11T07:55:45.239081,0.14,0.86,1.0
2025-12-11T07:55:45.855736,0.145,0.855,1.0
2025-12-11T07:55:46.489215,0.145,0.855,1.0
2025-12-11T07:55:47.123430,0.145,0.855,1.0
2025-12-11T07:55:47.765677,0.145,0.855,1.0
2025-12-11T07:55:48.407150,0.14,0.86,1.0
2025-12-11T07:55:49.039117,0.14,0.86,1.0
2025-12-11T07:55:49.662773,0.14,0.86,1.0
2025-12-11T07:55:50.368763,0.14,0.86,1.0
2025-12-11T07:55:50.989346,0.14,0.86,1.0
2025-12-11T07:55:51.606282,0.14,0.86,1.0
2025-12-11T07:55:52.235036,0.145,0.855,1.0
2025-12-11T07:55:52.858254,0.145,0.855,1.0
2025-12-11T07:55:53.486973,0.14,0.86,1.0
2025-12-11T07:56:53.486973,0.05,0.96,1.1