timestamp,price_yes,price_no,sum_prices
2025-12-11T05:01:00.755490,0.33,0.67,1.0
2025-12-11T05:01:01.364516,0.325,0.675,1.0
2025-12-11T05:01:01.978622,0.31,0.69,1.0
2025-12-11T05:01:02.583723,0.325,0.675,1.0
2025-12-11T05:01:03.191328,0.325,0.675,1.0
2025-12-11T05:01:03.818034,0.33,0.67,1.0
2025-12-11T05:01:04.439091,0.325,0.675,1.0
2025-12-11T05:01:05.047767,0.325,0.665,0.99
2025-12-11T05:01:05.657525,0.34,0.66,1.0
2025-12-11T05:01:06.265982,0.34,0.66,1.0
2025-12-11T05:01:06.873786,0.335,0.665,1.0
2025-12-11T05:01:07.473330,0.335,0.665,1.0
2025-12-11T05:01:08.087142,0.345,0.655,1.0
2025-12-11T05:01:08.695860,0.365,0.635,1.0
2025-12-11T05:01:09.300597,0.365,0.635,1.0
2025-12-11T05:01:09.906799,0.365,0.635,1.0
2025-12-11T05:01:10.504460,0.355,0.645,1.0
2025-12-11T05:01:11.109846,0.345,0.655,1.0
2025-12-11T05:01:11.731252,0.335,0.665,1.0
2025-12-11T05:01:12.344919,0.335,0.665,1.0
2025-12-11T05:01:12.949547,0.325,0.675,1.0
2025-12-11T05:01:13.554119,0.315,0.685,1.0
2025-12-11T05:01:14.157971,0.315,0.685,1.0
2025-12-11T05:01:14.753887,0.315,0.685,1.0
2025-12-11T05:01:15.360653,0.315,0.685,1.0
2025-12-11T05:01:15.956738,0.315,0.685,1.0
2025-12-11T05:01:16.571282,0.315,0.685,1.0
2025-12-11T05:01:17.174513,0.325,0.695,1.02
2025-12-11T05:01:17.775693,0.32,0.685,1.0050000000000001
2025-12-11T05:01:18.386420,0.325,0.675,1.0
2025-12-11T05:01:18.986316,0.32,0.68,1.0
2025-12-11T05:01:18.007927,0.315,0.685,1.0
2025-12-11T05:01:18.616587,0.315,0.685,1.0
2025-12-11T05:01:19.219548,0.315,0.685,1.0
2025-12-11T05:01:19.822157,0.315,0.685,1.0
2025-12-11T05:01:20.426790,0.31,0.69,1.0
2025-12-11T05:01:21.034347,0.315,0.69,1.005
2025-12-11T05:01:21.859791,0.32,0.675,0.9950000000000001
2025-12-11T05:01:22.470438,0.34,0.66,1.0
2025-12-11T05:01:23.074702,0.345,0.655,1.0
2025-12-11T05:01:23.674522,0.335,0.665,1.0
2025-12-11T05:01:24.281528,0.345,0.66,1.005
2025-12-11T05:01:24.891621,0.335,0.665,1.0
2025-12-11T05:01:25.507598,0.33,0.67,1.0
2025-12-11T05:01:26.113342,0.325,0.675,1.0
2025-12-11T05:01:26.722041,0.335,0.665,1.0
2025-12-11T05:01:27.334269,0.345,0.655,1.0
2025-12-11T05:01:27.934837,0.345,0.655,1.0
2025-12-11T05:01:28.541903,0.345,0.655,1.0
2025-12-11T05:01:29.143584,0.345,0.655,1.0
2025-12-11T05:01:29.752392,0.345,0.655,1.0
2025-12-11T05:01:30.357409,0.345,0.655,1.0
2025-12-11T05:01:30.961275,0.335,0.665,1.0
2025-12-11T05:01:31.561148,0.305,0.695,1.0
2025-12-11T05:01:32.303049,0.305,0.695,1.0
2025-12-11T05:01:32.901058,0.295,0.705,1.0
2025-12-11T05:01:33.507320,0.295,0.705,1.0
2025-12-11T05:01:34.116127,0.295,0.705,1.0
2025-12-11T05:01:34.730339,0.295,0.705,1.0
2025-12-11T05:01:35.336653,0.285,0.715,1.0
2025-12-11T05:01:35.996307,0.285,0.715,1.0
2025-12-11T05:01:36.600463,0.275,0.725,1.0
2025-12-11T05:01:37.197284,0.275,0.725,1.0
2025-12-11T05:01:37.862303,0.265,0.735,1.0
2025-12-11T05:01:38.461126,0.255,0.745,1.0
2025-12-11T05:01:39.057556,0.255,0.745,1.0
2025-12-11T05:01:39.670347,0.245,0.755,1.0
2025-12-11T05:01:40.274155,0.235,0.765,1.0
2025-12-11T05:01:40.885215,0.235,0.765,1.0
2025-12-11T05:01:41.514337,0.24,0.755,0.995
2025-12-11T05:01:42.128593,0.24,0.76,1.0
2025-12-11T05:01:42.750680,0.24,0.76,1.0
2025-12-11T05:01:43.353259,0.24,0.76,1.0
2025-12-11T05:01:43.963354,0.235,0.765,1.0
2025-12-11T05:01:44.582638,0.245,0.755,1.0
2025-12-11T05:01:45.195584,0.245,0.755,1.0
2025-12-11T05:01:45.808767,0.245,0.755,1.0
2025-12-11T05:01:46.407559,0.235,0.765,1.0
2025-12-11T05:01:47.019102,0.225,0.775,1.0
2025-12-11T05:01:47.621838,0.235,0.765,1.0
2025-12-11T05:01:48.238875,0.235,0.765,1.0
2025-12-11T05:01:48.853428,0.235,0.775,1.01
2025-12-11T05:01:49.455286,0.225,0.765,0.99
2025-12-11T05:01:48.498519,0.24,0.76,1.0
2025-12-11T05:01:49.100762,0.24,0.76,1.0
2025-12-11T05:01:49.705375,0.24,0.76,1.0
2025-12-11T05:01:50.326086,0.24,0.76,1.0
2025-12-11T05:01:50.939373,0.24,0.76,1.0
2025-12-11T05:01:51.537636,0.24,0.755,0.995
2025-12-11T05:01:52.150275,0.245,0.755,1.0
2025-12-11T05:01:52.765633,0.235,0.765,1.0
2025-12-11T05:01:53.380671,0.235,0.765,1.0
2025-12-11T05:01:54.028868,0.235,0.765,1.0
2025-12-11T05:01:54.645998,0.235,0.765,1.0
2025-12-11T05:01:55.257590,0.235,0.765,1.0
2025-12-11T05:01:55.869543,0.235,0.765,1.0
2025-12-11T05:01:56.473521,0.24,0.76,1.0
2025-12-11T05:01:57.076397,0.24,0.76,1.0
2025-12-11T05:01:57.691253,0.23,0.77,1.0
2025-12-11T05:01:58.305880,0.245,0.77,1.0150000000000001
2025-12-11T05:01:58.918239,0.245,0.755,1.0
2025-12-11T05:01:59.534226,0.25,0.75,1.0
2025-12-11T05:02:00.149862,0.255,0.745,1.0
2025-12-11T05:02:00.756951,0.265,0.735,1.0
2025-12-11T05:02:01.375022,0.265,0.735,1.0
2025-12-11T05:02:01.988368,0.265,0.735,1.0
2025-12-11T05:02:02.589943,0.25,0.75,1.0
2025-12-11T05:02:03.206917,0.255,0.745,1.0
2025-12-11T05:02:03.806800,0.25,0.75,1.0
2025-12-11T05:02:04.419946,0.245,0.755,1.0
2025-12-11T05:02:05.036842,0.25,0.75,1.0
2025-12-11T05:02:05.648720,0.255,0.745,1.0
2025-12-11T05:02:06.263397,0.265,0.735,1.0
2025-12-11T05:02:06.866511,0.265,0.735,1.0
2025-12-11T05:02:07.481175,0.265,0.735,1.0
2025-12-11T05:02:08.091302,0.265,0.74,1.005
2025-12-11T05:02:08.696271,0.255,0.745,1.0
2025-12-11T05:02:09.309205,0.265,0.74,1.005
2025-12-11T05:02:09.925338,0.255,0.745,1.0
2025-12-11T05:02:10.543708,0.255,0.745,1.0
2025-12-11T05:02:11.158959,0.25,0.75,1.0
2025-12-11T05:02:11.768217,0.27,0.73,1.0
2025-12-11T05:02:12.376966,0.265,0.735,1.0
2025-12-11T05:02:12.974537,0.255,0.745,1.0
2025-12-11T05:02:13.574276,0.255,0.745,1.0
2025-12-11T05:02:14.190607,0.255,0.745,1.0
2025-12-11T05:02:14.802589,0.255,0.745,1.0
2025-12-11T05:02:15.432001,0.255,0.745,1.0
2025-12-11T05:02:16.034212,0.255,0.745,1.0
2025-12-11T05:02:16.634431,0.255,0.745,1.0
2025-12-11T05:02:17.241617,0.255,0.745,1.0
2025-12-11T05:02:17.851451,0.255,0.745,1.0
2025-12-11T05:02:18.520015,0.25,0.75,1.0
2025-12-11T05:02:19.120915,0.245,0.755,1.0
2025-12-11T05:02:19.723063,0.245,0.755,1.0
2025-12-11T05:02:20.343003,0.245,0.755,1.0
2025-12-11T05:02:19.381367,0.245,0.755,1.0
2025-12-11T05:02:19.994828,0.245,0.755,1.0
2025-12-11T05:02:20.604781,0.245,0.755,1.0
2025-12-11T05:02:21.210478,0.245,0.755,1.0
2025-12-11T05:02:21.808072,0.245,0.755,1.0
2025-12-11T05:02:22.410022,0.235,0.765,1.0
2025-12-11T05:02:23.008217,0.235,0.765,1.0
2025-12-11T05:02:23.620519,0.235,0.765,1.0
2025-12-11T05:02:24.221658,0.225,0.775,1.0
2025-12-11T05:02:24.831558,0.245,0.755,1.0
2025-12-11T05:02:25.448084,0.245,0.755,1.0
2025-12-11T05:02:26.062149,0.255,0.745,1.0
2025-12-11T05:02:26.672560,0.265,0.735,1.0
2025-12-11T05:02:27.288842,0.275,0.725,1.0
2025-12-11T05:02:27.898992,0.275,0.725,1.0
2025-12-11T05:02:28.511360,0.275,0.725,1.0
2025-12-11T05:02:29.111664,0.275,0.725,1.0
2025-12-11T05:02:29.723593,0.275,0.725,1.0
2025-12-11T05:02:30.333439,0.275,0.725,1.0
2025-12-11T05:02:30.945842,0.275,0.725,1.0
2025-12-11T05:02:31.558002,0.275,0.725,1.0
2025-12-11T05:02:32.163740,0.265,0.735,1.0
2025-12-11T05:02:32.781967,0.26,0.74,1.0
2025-12-11T05:02:33.389619,0.26,0.74,1.0
2025-12-11T05:02:34.037471,0.26,0.74,1.0
2025-12-11T05:02:34.702785,0.26,0.74,1.0
2025-12-11T05:02:35.325636,0.26,0.74,1.0
2025-12-11T05:02:35.966792,0.255,0.745,1.0
2025-12-11T05:02:36.580737,0.26,0.74,1.0
2025-12-11T05:02:37.193756,0.26,0.74,1.0
2025-12-11T05:02:37.824107,0.26,0.74,1.0
2025-12-11T05:02:38.423023,0.265,0.735,1.0
2025-12-11T05:02:39.042161,0.265,0.735,1.0
2025-12-11T05:02:39.666581,0.265,0.735,1.0
2025-12-11T05:02:40.277258,0.265,0.735,1.0
2025-12-11T05:02:40.881653,0.26,0.74,1.0
2025-12-11T05:02:41.480268,0.26,0.74,1.0
2025-12-11T05:02:42.082878,0.26,0.74,1.0
2025-12-11T05:02:42.688651,0.26,0.74,1.0
2025-12-11T05:02:43.302106,0.265,0.735,1.0
2025-12-11T05:02:43.918392,0.265,0.735,1.0
2025-12-11T05:02:44.534323,0.26,0.74,1.0
2025-12-11T05:02:45.145771,0.275,0.725,1.0
2025-12-11T05:02:45.759074,0.275,0.725,1.0
2025-12-11T05:02:46.376925,0.285,0.715,1.0
2025-12-11T05:02:46.998187,0.285,0.715,1.0
2025-12-11T05:02:47.600450,0.285,0.715,1.0
2025-12-11T05:02:48.219449,0.285,0.715,1.0
2025-12-11T05:02:48.814700,0.285,0.715,1.0
2025-12-11T05:02:49.431297,0.275,0.725,1.0
2025-12-11T05:02:50.052209,0.275,0.725,1.0
2025-12-11T05:02:50.668326,0.275,0.725,1.0
2025-12-11T05:02:49.689846,0.275,0.725,1.0
2025-12-11T05:02:50.307751,0.27,0.73,1.0
2025-12-11T05:02:50.966775,0.265,0.735,1.0
2025-12-11T05:02:51.573022,0.265,0.735,1.0
2025-12-11T05:02:52.178910,0.265,0.735,1.0
2025-12-11T05:02:52.790970,0.265,0.735,1.0
2025-12-11T05:02:53.429461,0.265,0.735,1.0
2025-12-11T05:02:54.043167,0.265,0.735,1.0
2025-12-11T05:02:54.659844,0.26,0.74,1.0
2025-12-11T05:02:55.278652,0.26,0.74,1.0
2025-12-11T05:02:55.898043,0.26,0.74,1.0
2025-12-11T05:02:56.509655,0.245,0.755,1.0
2025-12-11T05:02:57.115071,0.23,0.765,0.995
2025-12-11T05:02:57.717480,0.235,0.765,1.0
2025-12-11T05:02:58.329698,0.225,0.775,1.0
2025-12-11T05:02:58.955696,0.225,0.775,1.0
2025-12-11T05:02:59.573930,0.225,0.775,1.0
2025-12-11T05:03:00.195155,0.225,0.775,1.0
2025-12-11T05:03:00.833326,0.225,0.775,1.0
2025-12-11T05:03:01.437475,0.225,0.775,1.0
2025-12-11T05:03:02.045726,0.225,0.775,1.0
2025-12-11T05:03:02.658916,0.215,0.785,1.0
2025-12-11T05:03:03.287562,0.205,0.795,1.0
2025-12-11T05:03:03.904600,0.205,0.795,1.0
2025-12-11T05:03:04.523205,0.195,0.805,1.0
2025-12-11T05:03:05.150168,0.19,0.815,1.005
2025-12-11T05:03:05.768942,0.185,0.815,1.0
2025-12-11T05:03:06.386243,0.185,0.815,1.0
2025-12-11T05:03:07.003308,0.185,0.815,1.0
2025-12-11T05:03:07.636693,0.195,0.805,1.0
2025-12-11T05:03:08.245663,0.195,0.805,1.0
2025-12-11T05:03:08.862232,0.205,0.795,1.0
2025-12-11T05:03:09.481156,0.215,0.785,1.0
2025-12-11T05:03:10.079972,0.225,0.775,1.0
2025-12-11T05:03:10.694487,0.225,0.775,1.0
2025-12-11T05:03:11.306218,0.23,0.765,0.995
2025-12-11T05:03:11.922969,0.235,0.765,1.0
2025-12-11T05:03:12.535245,0.225,0.775,1.0
2025-12-11T05:03:13.136487,0.23,0.77,1.0
2025-12-11T05:03:13.755914,0.225,0.775,1.0
2025-12-11T05:03:14.357122,0.225,0.775,1.0
2025-12-11T05:03:14.972188,0.225,0.775,1.0
2025-12-11T05:03:15.587823,0.22,0.78,1.0
2025-12-11T05:03:16.190509,0.22,0.78,1.0
2025-12-11T05:03:16.803290,0.23,0.77,1.0
2025-12-11T05:03:17.424894,0.235,0.765,1.0
2025-12-11T05:03:18.040853,0.235,0.76,0.995
2025-12-11T05:03:18.649814,0.245,0.755,1.0
2025-12-11T05:03:19.255809,0.245,0.755,1.0
2025-12-11T05:03:19.872731,0.245,0.755,1.0
2025-12-11T05:03:20.490381,0.245,0.755,1.0
2025-12-11T05:03:21.097241,0.24,0.76,1.0
2025-12-11T05:03:21.708656,0.24,0.76,1.0
2025-12-11T05:03:20.775858,0.24,0.76,1.0
2025-12-11T05:03:21.384044,0.245,0.755,1.0
2025-12-11T05:03:21.997537,0.245,0.755,1.0
2025-12-11T05:03:22.594429,0.23,0.775,1.0050000000000001
2025-12-11T05:03:23.195085,0.225,0.775,1.0
2025-12-11T05:03:23.806049,0.225,0.775,1.0
2025-12-11T05:03:24.414747,0.225,0.775,1.0
2025-12-11T05:03:25.028466,0.225,0.775,1.0
2025-12-11T05:03:25.627349,0.235,0.765,1.0
2025-12-11T05:03:26.240338,0.225,0.775,1.0
2025-12-11T05:03:26.857480,0.225,0.775,1.0
2025-12-11T05:03:27.472714,0.225,0.775,1.0
2025-12-11T05:03:28.095050,0.225,0.775,1.0
2025-12-11T05:03:28.708265,0.225,0.775,1.0
2025-12-11T05:03:29.317381,0.225,0.775,1.0
2025-12-11T05:03:29.935164,0.225,0.775,1.0
2025-12-11T05:03:30.542846,0.235,0.765,1.0
2025-12-11T05:03:31.162156,0.235,0.765,1.0
2025-12-11T05:03:31.774735,0.235,0.765,1.0
2025-12-11T05:03:32.380848,0.235,0.765,1.0
2025-12-11T05:03:32.998070,0.245,0.755,1.0
2025-12-11T05:03:33.613937,0.245,0.755,1.0
2025-12-11T05:03:34.230152,0.245,0.755,1.0
2025-12-11T05:03:34.842796,0.245,0.755,1.0
2025-12-11T05:03:35.455495,0.275,0.725,1.0
2025-12-11T05:03:36.072181,0.27,0.73,1.0
2025-12-11T05:03:36.685322,0.265,0.735,1.0
2025-12-11T05:03:37.306483,0.265,0.735,1.0
2025-12-11T05:03:37.920722,0.265,0.735,1.0
2025-12-11T05:03:38.531248,0.265,0.735,1.0
2025-12-11T05:03:39.140693,0.265,0.735,1.0
2025-12-11T05:03:39.741075,0.255,0.745,1.0
2025-12-11T05:03:40.345038,0.25,0.75,1.0
2025-12-11T05:03:40.996806,0.235,0.765,1.0
2025-12-11T05:03:41.611377,0.235,0.765,1.0
2025-12-11T05:03:42.222576,0.24,0.755,0.995
2025-12-11T05:03:42.826760,0.245,0.755,1.0
2025-12-11T05:03:43.441291,0.24,0.765,1.005
2025-12-11T05:03:44.044711,0.235,0.765,1.0
2025-12-11T05:03:44.648419,0.235,0.76,0.995
2025-12-11T05:03:45.263541,0.23,0.77,1.0
2025-12-11T05:03:45.878925,0.225,0.775,1.0
2025-12-11T05:03:46.496292,0.225,0.775,1.0
2025-12-11T05:03:47.113318,0.225,0.775,1.0
2025-12-11T05:03:47.715996,0.225,0.775,1.0
2025-12-11T05:03:48.323654,0.225,0.775,1.0
2025-12-11T05:03:48.937292,0.225,0.775,1.0
2025-12-11T05:03:49.552347,0.23,0.77,1.0
2025-12-11T05:03:50.166414,0.23,0.77,1.0
2025-12-11T05:03:50.789312,0.225,0.775,1.0
2025-12-11T05:03:51.450201,0.225,0.775,1.0
2025-12-11T05:03:52.073012,0.225,0.775,1.0
2025-12-11T05:03:51.107605,0.225,0.775,1.0
2025-12-11T05:03:51.726324,0.225,0.775,1.0
2025-12-11T05:03:52.340539,0.225,0.77,0.995
2025-12-11T05:03:52.938321,0.23,0.77,1.0
2025-12-11T05:03:53.805376,0.235,0.765,1.0
2025-12-11T05:03:54.418643,0.24,0.76,1.0
2025-12-11T05:03:55.022967,0.245,0.755,1.0
2025-12-11T05:03:55.634312,0.26,0.735,0.995
2025-12-11T05:03:56.240439,0.27,0.73,1.0
2025-12-11T05:03:56.855512,0.275,0.725,1.0
2025-12-11T05:03:57.471795,0.265,0.735,1.0
2025-12-11T05:03:58.083835,0.26,0.74,1.0
2025-12-11T05:03:58.683625,0.265,0.735,1.0
2025-12-11T05:03:59.296428,0.265,0.735,1.0
2025-12-11T05:03:59.913529,0.265,0.735,1.0
2025-12-11T05:04:00.532050,0.275,0.725,1.0
2025-12-11T05:04:01.147165,0.275,0.725,1.0
2025-12-11T05:04:01.772340,0.275,0.725,1.0
2025-12-11T05:04:02.391315,0.275,0.725,1.0
2025-12-11T05:04:03.031225,0.275,0.725,1.0
2025-12-11T05:04:03.663235,0.285,0.715,1.0
2025-12-11T05:04:04.277403,0.29,0.71,1.0
2025-12-11T05:04:04.905878,0.285,0.715,1.0
2025-12-11T05:04:05.520188,0.29,0.71,1.0
2025-12-11T05:04:06.132831,0.285,0.715,1.0
2025-12-11T05:04:06.736144,0.275,0.725,1.0
2025-12-11T05:04:07.357326,0.275,0.725,1.0
2025-12-11T05:04:07.971036,0.265,0.735,1.0
2025-12-11T05:04:08.581391,0.265,0.735,1.0
2025-12-11T05:04:09.192983,0.26,0.74,1.0
2025-12-11T05:04:09.804911,0.265,0.735,1.0
2025-12-11T05:04:10.418213,0.255,0.745,1.0
2025-12-11T05:04:11.054583,0.275,0.725,1.0
2025-12-11T05:04:11.658671,0.28,0.72,1.0
2025-12-11T05:04:12.278368,0.28,0.72,1.0
2025-12-11T05:04:12.893704,0.285,0.715,1.0
2025-12-11T05:04:13.507564,0.285,0.715,1.0
2025-12-11T05:04:14.109777,0.285,0.715,1.0
2025-12-11T05:04:14.719377,0.285,0.715,1.0
2025-12-11T05:04:15.338575,0.295,0.705,1.0
2025-12-11T05:04:15.947125,0.305,0.695,1.0
2025-12-11T05:04:16.559997,0.315,0.685,1.0
2025-12-11T05:04:17.167655,0.315,0.685,1.0
2025-12-11T05:04:17.793816,0.31,0.69,1.0
2025-12-11T05:04:18.401624,0.31,0.69,1.0
2025-12-11T05:04:18.997810,0.31,0.69,1.0
2025-12-11T05:04:19.601992,0.305,0.695,1.0
2025-12-11T05:04:20.219407,0.305,0.69,0.9949999999999999
2025-12-11T05:04:20.826314,0.315,0.685,1.0
2025-12-11T05:04:21.437027,0.315,0.685,1.0
2025-12-11T05:04:22.039769,0.31,0.69,1.0
2025-12-11T05:04:22.656933,0.31,0.695,1.005
2025-12-11T05:04:21.689681,0.305,0.685,0.99
2025-12-11T05:04:22.292049,0.305,0.695,1.0
2025-12-11T05:04:22.897719,0.305,0.695,1.0
2025-12-11T05:04:23.502330,0.305,0.695,1.0
2025-12-11T05:04:24.110567,0.305,0.695,1.0
2025-12-11T05:04:24.717517,0.305,0.695,1.0
2025-12-11T05:04:25.336160,0.305,0.695,1.0
2025-12-11T05:04:25.947161,0.305,0.695,1.0
2025-12-11T05:04:26.562813,0.305,0.695,1.0
2025-12-11T05:04:27.169472,0.305,0.695,1.0
2025-12-11T05:04:27.772492,0.305,0.695,1.0
2025-12-11T05:04:28.432698,0.315,0.685,1.0
2025-12-11T05:04:29.038468,0.315,0.69,1.005
2025-12-11T05:04:29.655133,0.315,0.685,1.0
2025-12-11T05:04:30.259196,0.315,0.685,1.0
2025-12-11T05:04:30.862517,0.315,0.685,1.0
2025-12-11T05:04:31.478988,0.315,0.685,1.0
2025-12-11T05:04:32.088978,0.315,0.685,1.0
2025-12-11T05:04:32.694419,0.305,0.695,1.0
2025-12-11T05:04:33.310556,0.34,0.66,1.0
2025-12-11T05:04:33.920642,0.345,0.655,1.0
2025-12-11T05:04:34.533343,0.355,0.645,1.0
2025-12-11T05:04:35.134877,0.375,0.625,1.0
2025-12-11T05:04:35.749224,0.375,0.625,1.0
2025-12-11T05:04:36.362582,0.365,0.635,1.0
2025-12-11T05:04:36.972858,0.375,0.625,1.0
2025-12-11T05:04:37.574199,0.39,0.61,1.0
2025-12-11T05:04:38.186742,0.395,0.605,1.0
2025-12-11T05:04:38.786413,0.395,0.605,1.0
2025-12-11T05:04:39.417981,0.385,0.615,1.0
2025-12-11T05:04:40.028889,0.385,0.615,1.0
2025-12-11T05:04:40.639539,0.385,0.615,1.0
2025-12-11T05:04:41.236636,0.38,0.62,1.0
2025-12-11T05:04:41.855540,0.38,0.62,1.0
2025-12-11T05:04:42.492076,0.385,0.605,0.99
2025-12-11T05:04:43.108646,0.385,0.615,1.0
2025-12-11T05:04:43.727928,0.395,0.6,0.995
2025-12-11T05:04:44.343598,0.405,0.595,1.0
2025-12-11T05:04:44.963236,0.405,0.595,1.0
2025-12-11T05:04:45.577460,0.405,0.595,1.0
2025-12-11T05:04:46.200164,0.405,0.595,1.0
2025-12-11T05:04:46.813430,0.405,0.595,1.0
2025-12-11T05:04:47.433711,0.405,0.595,1.0
2025-12-11T05:04:48.053796,0.405,0.595,1.0
2025-12-11T05:04:48.670855,0.405,0.595,1.0
2025-12-11T05:04:49.281137,0.415,0.585,1.0
2025-12-11T05:04:49.886640,0.4,0.605,1.005
2025-12-11T05:04:50.499363,0.385,0.615,1.0
2025-12-11T05:04:51.116922,0.38,0.62,1.0
2025-12-11T05:04:51.720244,0.395,0.605,1.0
2025-12-11T05:04:52.334201,0.38,0.62,1.0
2025-12-11T05:04:52.944167,0.385,0.615,1.0
2025-12-11T05:04:53.557636,0.405,0.595,1.0
2025-12-11T05:04:52.579988,0.4,0.6,1.0
2025-12-11T05:04:53.197104,0.395,0.605,1.0
2025-12-11T05:04:53.811290,0.395,0.605,1.0
2025-12-11T05:04:54.415363,0.39,0.61,1.0
2025-12-11T05:04:55.029580,0.395,0.605,1.0
2025-12-11T05:04:55.640389,0.39,0.61,1.0
2025-12-11T05:04:56.240614,0.385,0.615,1.0
2025-12-11T05:04:56.856579,0.375,0.625,1.0
2025-12-11T05:04:57.471699,0.375,0.625,1.0
2025-12-11T05:04:58.088515,0.345,0.65,0.995
2025-12-11T05:04:58.700479,0.35,0.65,1.0
2025-12-11T05:04:59.304330,0.35,0.65,1.0
2025-12-11T05:04:59.924861,0.355,0.645,1.0
2025-12-11T05:05:00.552126,0.35,0.65,1.0
2025-12-11T05:05:01.170661,0.35,0.655,1.005
2025-12-11T05:05:01.796729,0.345,0.655,1.0
2025-12-11T05:05:02.420774,0.345,0.655,1.0
2025-12-11T05:05:03.050146,0.345,0.655,1.0
2025-12-11T05:05:03.658329,0.345,0.655,1.0
2025-12-11T05:05:04.258850,0.365,0.635,1.0
2025-12-11T05:05:04.882090,0.365,0.635,1.0
2025-12-11T05:05:05.497511,0.35,0.65,1.0
2025-12-11T05:05:06.128463,0.335,0.665,1.0
2025-12-11T05:05:06.727027,0.33,0.655,0.9850000000000001
2025-12-11T05:05:07.345905,0.345,0.655,1.0
2025-12-11T05:05:07.961528,0.335,0.665,1.0
2025-12-11T05:05:08.576568,0.335,0.665,1.0
2025-12-11T05:05:09.200210,0.34,0.66,1.0
2025-12-11T05:05:09.821859,0.34,0.655,0.9950000000000001
2025-12-11T05:05:10.437811,0.375,0.61,0.985
2025-12-11T05:05:11.050411,0.41,0.59,1.0
2025-12-11T05:05:11.658683,0.41,0.59,1.0
2025-12-11T05:05:12.274246,0.415,0.59,1.005
2025-12-11T05:05:12.908998,0.405,0.595,1.0
2025-12-11T05:05:13.507599,0.415,0.585,1.0
2025-12-11T05:05:14.130946,0.415,0.585,1.0
2025-12-11T05:05:14.741975,0.405,0.595,1.0
2025-12-11T05:05:15.358459,0.405,0.595,1.0
2025-12-11T05:05:15.977918,0.41,0.59,1.0
2025-12-11T05:05:16.594042,0.415,0.585,1.0
2025-12-11T05:05:17.197141,0.425,0.575,1.0
2025-12-11T05:05:17.807595,0.42,0.58,1.0
2025-12-11T05:05:18.407938,0.42,0.58,1.0
2025-12-11T05:05:19.026498,0.415,0.585,1.0
2025-12-11T05:05:19.634434,0.4,0.605,1.005
2025-12-11T05:05:20.248139,0.385,0.615,1.0
2025-12-11T05:05:20.864074,0.385,0.615,1.0
2025-12-11T05:05:21.470272,0.385,0.615,1.0
2025-12-11T05:05:22.088950,0.385,0.615,1.0
2025-12-11T05:05:22.704063,0.37,0.63,1.0
2025-12-11T05:05:23.324206,0.385,0.615,1.0
2025-12-11T05:05:23.941874,0.39,0.61,1.0
2025-12-11T05:05:24.561542,0.405,0.595,1.0
2025-12-11T05:05:23.605134,0.405,0.585,0.99
2025-12-11T05:05:24.216767,0.445,0.555,1.0
2025-12-11T05:05:24.864358,0.46,0.535,0.9950000000000001
2025-12-11T05:05:25.486448,0.475,0.525,1.0
2025-12-11T05:05:26.094820,0.495,0.505,1.0
2025-12-11T05:05:26.714343,0.505,0.495,1.0
2025-12-11T05:05:27.358652,0.515,0.485,1.0
2025-12-11T05:05:27.966321,0.515,0.475,0.99
2025-12-11T05:05:28.577154,0.525,0.475,1.0
2025-12-11T05:05:29.196409,0.535,0.465,1.0
2025-12-11T05:05:29.797560,0.545,0.455,1.0
2025-12-11T05:05:30.412434,0.64,0.355,0.995
2025-12-11T05:05:31.024367,0.675,0.325,1.0
2025-12-11T05:05:31.639544,0.66,0.34,1.0
2025-12-11T05:05:32.241178,0.645,0.355,1.0
2025-12-11T05:05:32.855099,0.575,0.425,1.0
2025-12-11T05:05:33.469095,0.555,0.445,1.0
2025-12-11T05:05:34.076312,0.545,0.455,1.0
2025-12-11T05:05:34.696762,0.565,0.435,1.0
2025-12-11T05:05:35.314445,0.57,0.43,1.0
2025-12-11T05:05:35.914779,0.56,0.44,1.0
2025-12-11T05:05:36.520342,0.575,0.425,1.0
2025-12-11T05:05:37.130329,0.575,0.425,1.0
2025-12-11T05:05:37.743176,0.585,0.42,1.005
2025-12-11T05:05:38.360667,0.595,0.405,1.0
2025-12-11T05:05:38.965603,0.595,0.405,1.0
2025-12-11T05:05:39.577149,0.605,0.4,1.005
2025-12-11T05:05:40.184629,0.605,0.395,1.0
2025-12-11T05:05:40.798912,0.595,0.415,1.01
2025-12-11T05:05:41.403990,0.59,0.41,1.0
2025-12-11T05:05:42.009525,0.56,0.44,1.0
2025-12-11T05:05:42.607666,0.55,0.45,1.0
2025-12-11T05:05:43.214468,0.545,0.455,1.0
2025-12-11T05:05:43.835341,0.545,0.455,1.0
2025-12-11T05:05:44.440662,0.545,0.455,1.0
2025-12-11T05:05:45.059728,0.545,0.45,0.9950000000000001
2025-12-11T05:05:45.667946,0.555,0.445,1.0
2025-12-11T05:05:46.273127,0.555,0.445,1.0
2025-12-11T05:05:46.871094,0.555,0.445,1.0
2025-12-11T05:05:47.477098,0.55,0.45,1.0
2025-12-11T05:05:48.084768,0.565,0.435,1.0
2025-12-11T05:05:48.696038,0.545,0.455,1.0
2025-12-11T05:05:49.307728,0.565,0.435,1.0
2025-12-11T05:05:49.907071,0.555,0.445,1.0
2025-12-11T05:05:50.517397,0.56,0.44,1.0
2025-12-11T05:05:51.122867,0.545,0.455,1.0
2025-12-11T05:05:51.730948,0.565,0.435,1.0
2025-12-11T05:05:52.341313,0.575,0.425,1.0
2025-12-11T05:05:52.945828,0.585,0.415,1.0
2025-12-11T05:05:53.551455,0.59,0.41,1.0
2025-12-11T05:05:54.159269,0.605,0.395,1.0
2025-12-11T05:05:54.763483,0.615,0.385,1.0
2025-12-11T05:05:53.812498,0.615,0.385,1.0
2025-12-11T05:05:54.413988,0.615,0.385,1.0
2025-12-11T05:05:55.023157,0.615,0.38,0.995
2025-12-11T05:05:55.634086,0.605,0.395,1.0
2025-12-11T05:05:56.239222,0.595,0.405,1.0
2025-12-11T05:05:56.846743,0.595,0.405,1.0
2025-12-11T05:05:57.455795,0.585,0.415,1.0
2025-12-11T05:05:58.066693,0.575,0.42,0.9949999999999999
2025-12-11T05:05:58.669226,0.58,0.42,1.0
2025-12-11T05:05:59.286934,0.575,0.425,1.0
2025-12-11T05:05:59.887393,0.575,0.425,1.0
2025-12-11T05:06:00.493611,0.58,0.42,1.0
2025-12-11T05:06:01.099254,0.58,0.415,0.9949999999999999
2025-12-11T05:06:01.711315,0.585,0.425,1.01
2025-12-11T05:06:02.333197,0.575,0.435,1.01
2025-12-11T05:06:02.936104,0.56,0.44,1.0
2025-12-11T05:06:03.539415,0.565,0.435,1.0
2025-12-11T05:06:04.146351,0.56,0.44,1.0
2025-12-11T05:06:04.755202,0.565,0.435,1.0
2025-12-11T05:06:05.367991,0.575,0.425,1.0
2025-12-11T05:06:05.968418,0.63,0.36,0.99
2025-12-11T05:06:06.575797,0.63,0.37,1.0
2025-12-11T05:06:07.194423,0.615,0.385,1.0
2025-12-11T05:06:07.799139,0.625,0.375,1.0
2025-12-11T05:06:08.401693,0.615,0.395,1.01
2025-12-11T05:06:09.009092,0.605,0.395,1.0
2025-12-11T05:06:09.611478,0.605,0.395,1.0
2025-12-11T05:06:10.225384,0.605,0.375,0.98
2025-12-11T05:06:10.831155,0.63,0.375,1.005
2025-12-11T05:06:11.456699,0.635,0.365,1.0
2025-12-11T05:06:12.067207,0.605,0.395,1.0
2025-12-11T05:06:12.675116,0.615,0.385,1.0
2025-12-11T05:06:13.278389,0.625,0.375,1.0
2025-12-11T05:06:13.879114,0.635,0.365,1.0
2025-12-11T05:06:14.481524,0.635,0.365,1.0
2025-12-11T05:06:15.091388,0.63,0.375,1.005
2025-12-11T05:06:15.696913,0.625,0.375,1.0
2025-12-11T05:06:16.306073,0.625,0.375,1.0
2025-12-11T05:06:16.915244,0.625,0.375,1.0
2025-12-11T05:06:17.521174,0.625,0.375,1.0
2025-12-11T05:06:18.127467,0.635,0.365,1.0
2025-12-11T05:06:18.734218,0.635,0.365,1.0
2025-12-11T05:06:19.330899,0.635,0.365,1.0
2025-12-11T05:06:19.928837,0.635,0.365,1.0
2025-12-11T05:06:20.528348,0.645,0.355,1.0
2025-12-11T05:06:21.134477,0.645,0.355,1.0
2025-12-11T05:06:21.736526,0.635,0.365,1.0
2025-12-11T05:06:22.341250,0.64,0.36,1.0
2025-12-11T05:06:22.949570,0.635,0.365,1.0
2025-12-11T05:06:23.558321,0.655,0.345,1.0
2025-12-11T05:06:24.167638,0.635,0.365,1.0
2025-12-11T05:06:24.781536,0.625,0.395,1.02
2025-12-11T05:06:25.383189,0.605,0.395,1.0
2025-12-11T05:06:24.426176,0.595,0.405,1.0
2025-12-11T05:06:25.032160,0.61,0.39,1.0
2025-12-11T05:06:25.640453,0.615,0.385,1.0
2025-12-11T05:06:26.241241,0.625,0.375,1.0
2025-12-11T05:06:26.846884,0.635,0.365,1.0
2025-12-11T05:06:27.464776,0.635,0.365,1.0
2025-12-11T05:06:28.069449,0.635,0.355,0.99
2025-12-11T05:06:28.675144,0.645,0.355,1.0
2025-12-11T05:06:29.290690,0.645,0.355,1.0
2025-12-11T05:06:29.899774,0.645,0.355,1.0
2025-12-11T05:06:30.504297,0.655,0.345,1.0
2025-12-11T05:06:31.115436,0.665,0.335,1.0
2025-12-11T05:06:31.727501,0.665,0.335,1.0
2025-12-11T05:06:32.349671,0.655,0.345,1.0
2025-12-11T05:06:33.048232,0.66,0.34,1.0
2025-12-11T05:06:33.655325,0.66,0.34,1.0
2025-12-11T05:06:34.264174,0.655,0.345,1.0
2025-12-11T05:06:34.867766,0.655,0.345,1.0
2025-12-11T05:06:35.474152,0.66,0.34,1.0
2025-12-11T05:06:36.088101,0.66,0.34,1.0
2025-12-11T05:06:36.692039,0.66,0.34,1.0
2025-12-11T05:06:37.300564,0.66,0.34,1.0
2025-12-11T05:06:37.911257,0.655,0.345,1.0
2025-12-11T05:06:38.517193,0.65,0.345,0.995
2025-12-11T05:06:39.125319,0.645,0.355,1.0
2025-12-11T05:06:39.724758,0.645,0.355,1.0
2025-12-11T05:06:40.330514,0.655,0.345,1.0
2025-12-11T05:06:41.109552,0.655,0.35,1.005
2025-12-11T05:06:41.719528,0.645,0.355,1.0
2025-12-11T05:06:42.325824,0.65,0.36,1.01
2025-12-11T05:06:42.931404,0.64,0.36,1.0
2025-12-11T05:06:43.535326,0.655,0.345,1.0
2025-12-11T05:06:44.139952,0.655,0.345,1.0
2025-12-11T05:06:44.754100,0.655,0.345,1.0
2025-12-11T05:06:45.359085,0.655,0.345,1.0
2025-12-11T05:06:45.965517,0.655,0.345,1.0
2025-12-11T05:06:46.571910,0.655,0.345,1.0
2025-12-11T05:06:47.187240,0.645,0.355,1.0
2025-12-11T05:06:47.804293,0.655,0.345,1.0
2025-12-11T05:06:48.418011,0.655,0.345,1.0
2025-12-11T05:06:49.020636,0.66,0.34,1.0
2025-12-11T05:06:49.637802,0.66,0.34,1.0
2025-12-11T05:06:50.239235,0.66,0.34,1.0
2025-12-11T05:06:50.845817,0.66,0.335,0.9950000000000001
2025-12-11T05:06:51.448992,0.66,0.34,1.0
2025-12-11T05:06:52.053089,0.665,0.335,1.0
2025-12-11T05:06:52.661025,0.675,0.325,1.0
2025-12-11T05:06:53.273709,0.675,0.325,1.0
2025-12-11T05:06:53.891321,0.675,0.325,1.0
2025-12-11T05:06:54.493661,0.675,0.325,1.0
2025-12-11T05:06:55.098863,0.685,0.315,1.0
2025-12-11T05:06:55.717842,0.685,0.315,1.0
2025-12-11T05:06:56.333627,0.685,0.315,1.0
2025-12-11T05:06:55.358783,0.685,0.315,1.0
2025-12-11T05:06:55.970605,0.695,0.305,1.0
2025-12-11T05:06:56.574633,0.685,0.31,0.9950000000000001
2025-12-11T05:06:57.182421,0.705,0.295,1.0
2025-12-11T05:06:57.798766,0.695,0.305,1.0
2025-12-11T05:06:58.419254,0.695,0.305,1.0
2025-12-11T05:06:59.020913,0.685,0.315,1.0
2025-12-11T05:06:59.639013,0.675,0.325,1.0
2025-12-11T05:07:00.248839,0.665,0.335,1.0
2025-12-11T05:07:00.865845,0.655,0.345,1.0
2025-12-11T05:07:01.480387,0.635,0.365,1.0
2025-12-11T05:07:02.099537,0.635,0.365,1.0
2025-12-11T05:07:02.723815,0.635,0.365,1.0
2025-12-11T05:07:03.328509,0.625,0.375,1.0
2025-12-11T05:07:03.943441,0.64,0.36,1.0
2025-12-11T05:07:04.553109,0.645,0.355,1.0
2025-12-11T05:07:05.167370,0.645,0.355,1.0
2025-12-11T05:07:05.786174,0.665,0.335,1.0
2025-12-11T05:07:06.402741,0.665,0.335,1.0
2025-12-11T05:07:07.017678,0.64,0.36,1.0
2025-12-11T05:07:07.621914,0.635,0.365,1.0
2025-12-11T05:07:08.237232,0.635,0.37,1.005
2025-12-11T05:07:08.856549,0.625,0.375,1.0
2025-12-11T05:07:09.457722,0.625,0.375,1.0
2025-12-11T05:07:10.070594,0.625,0.375,1.0
2025-12-11T05:07:10.679575,0.625,0.375,1.0
2025-12-11T05:07:11.294648,0.65,0.35,1.0
2025-12-11T05:07:11.909823,0.65,0.35,1.0
2025-12-11T05:07:12.517637,0.655,0.345,1.0
2025-12-11T05:07:13.137474,0.665,0.335,1.0
2025-12-11T05:07:13.737698,0.665,0.335,1.0
2025-12-11T05:07:14.349203,0.665,0.335,1.0
2025-12-11T05:07:14.966259,0.655,0.34,0.9950000000000001
2025-12-11T05:07:15.566329,0.655,0.345,1.0
2025-12-11T05:07:16.182298,0.64,0.36,1.0
2025-12-11T05:07:16.800886,0.66,0.335,0.9950000000000001
2025-12-11T05:07:17.412413,0.665,0.335,1.0
2025-12-11T05:07:18.020288,0.665,0.335,1.0
2025-12-11T05:07:18.625784,0.665,0.335,1.0
2025-12-11T05:07:19.246210,0.675,0.325,1.0
2025-12-11T05:07:19.843446,0.685,0.315,1.0
2025-12-11T05:07:20.455368,0.705,0.295,1.0
2025-12-11T05:07:21.071724,0.725,0.275,1.0
2025-12-11T05:07:21.696893,0.725,0.275,1.0
2025-12-11T05:07:22.295761,0.72,0.28,1.0
2025-12-11T05:07:22.899879,0.705,0.295,1.0
2025-12-11T05:07:23.507931,0.695,0.305,1.0
2025-12-11T05:07:24.111721,0.685,0.315,1.0
2025-12-11T05:07:24.715556,0.675,0.325,1.0
2025-12-11T05:07:25.319646,0.675,0.325,1.0
2025-12-11T05:07:25.922016,0.665,0.335,1.0
2025-12-11T05:07:26.529965,0.655,0.345,1.0
2025-12-11T05:07:27.138010,0.66,0.345,1.005
2025-12-11T05:07:26.163506,0.665,0.335,1.0
2025-12-11T05:07:26.770348,0.68,0.32,1.0
2025-12-11T05:07:27.387749,0.675,0.325,1.0
2025-12-11T05:07:27.998404,0.665,0.335,1.0
2025-12-11T05:07:28.614465,0.675,0.325,1.0
2025-12-11T05:07:29.225602,0.675,0.325,1.0
2025-12-11T05:07:29.825982,0.66,0.34,1.0
2025-12-11T05:07:30.434936,0.655,0.335,0.99
2025-12-11T05:07:31.045603,0.675,0.325,1.0
2025-12-11T05:07:31.647258,0.675,0.32,0.9950000000000001
2025-12-11T05:07:32.261640,0.68,0.32,1.0
2025-12-11T05:07:32.873839,0.665,0.335,1.0
2025-12-11T05:07:33.482300,0.675,0.325,1.0
2025-12-11T05:07:34.079988,0.675,0.33,1.0050000000000001
2025-12-11T05:07:34.681371,0.67,0.33,1.0
2025-12-11T05:07:35.297263,0.685,0.315,1.0
2025-12-11T05:07:35.912572,0.69,0.31,1.0
2025-12-11T05:07:36.526027,0.69,0.31,1.0
2025-12-11T05:07:37.133392,0.685,0.315,1.0
2025-12-11T05:07:37.751234,0.675,0.325,1.0
2025-12-11T05:07:38.364869,0.685,0.315,1.0
2025-12-11T05:07:38.982450,0.685,0.315,1.0
2025-12-11T05:07:39.599418,0.675,0.325,1.0
2025-12-11T05:07:40.212655,0.69,0.31,1.0
2025-12-11T05:07:40.830750,0.695,0.305,1.0
2025-12-11T05:07:41.447188,0.695,0.305,1.0
2025-12-11T05:07:42.066301,0.695,0.305,1.0
2025-12-11T05:07:42.680648,0.695,0.305,1.0
2025-12-11T05:07:43.299490,0.695,0.305,1.0
2025-12-11T05:07:43.916088,0.695,0.305,1.0
2025-12-11T05:07:44.530883,0.72,0.28,1.0
2025-12-11T05:07:45.149406,0.725,0.275,1.0
2025-12-11T05:07:45.764634,0.725,0.275,1.0
2025-12-11T05:07:46.382077,0.725,0.275,1.0
2025-12-11T05:07:46.996777,0.73,0.27,1.0
2025-12-11T05:07:47.609308,0.725,0.275,1.0
2025-12-11T05:07:48.226394,0.745,0.255,1.0
2025-12-11T05:07:48.841627,0.745,0.255,1.0
2025-12-11T05:07:49.463888,0.745,0.255,1.0
2025-12-11T05:07:50.080543,0.735,0.265,1.0
2025-12-11T05:07:50.682686,0.72,0.28,1.0
2025-12-11T05:07:51.299013,0.72,0.28,1.0
2025-12-11T05:07:51.913501,0.715,0.285,1.0
2025-12-11T05:07:52.539560,0.715,0.285,1.0
2025-12-11T05:07:53.152394,0.705,0.295,1.0
2025-12-11T05:07:53.793785,0.67,0.33,1.0
2025-12-11T05:07:54.409260,0.655,0.35,1.005
2025-12-11T05:07:55.031428,0.645,0.355,1.0
2025-12-11T05:07:55.649560,0.645,0.355,1.0
2025-12-11T05:07:56.262132,0.645,0.355,1.0
2025-12-11T05:07:56.870185,0.665,0.335,1.0
2025-12-11T05:07:57.553751,0.665,0.335,1.0
2025-12-11T05:07:56.590033,0.66,0.34,1.0
2025-12-11T05:07:57.200918,0.66,0.34,1.0
2025-12-11T05:07:57.813123,0.655,0.345,1.0
2025-12-11T05:07:58.426870,0.665,0.33,0.9950000000000001
2025-12-11T05:07:59.040829,0.675,0.325,1.0
2025-12-11T05:07:59.656377,0.685,0.315,1.0
2025-12-11T05:08:00.257260,0.69,0.31,1.0
2025-12-11T05:08:00.872788,0.685,0.315,1.0
2025-12-11T05:08:01.487032,0.665,0.335,1.0
2025-12-11T05:08:02.089370,0.655,0.345,1.0
2025-12-11T05:08:02.703992,0.655,0.345,1.0
2025-12-11T05:08:03.323498,0.655,0.345,1.0
2025-12-11T05:08:03.939477,0.655,0.345,1.0
2025-12-11T05:08:04.554069,0.655,0.345,1.0
2025-12-11T05:08:05.170059,0.645,0.355,1.0
2025-12-11T05:08:05.788196,0.65,0.35,1.0
2025-12-11T05:08:06.404997,0.655,0.345,1.0
2025-12-11T05:08:07.035783,0.685,0.315,1.0
2025-12-11T05:08:07.656070,0.685,0.315,1.0
2025-12-11T05:08:08.270929,0.695,0.305,1.0
2025-12-11T05:08:08.896321,0.685,0.315,1.0
2025-12-11T05:08:09.516844,0.685,0.315,1.0
2025-12-11T05:08:10.116277,0.67,0.33,1.0
2025-12-11T05:08:10.732656,0.665,0.335,1.0
2025-12-11T05:08:11.348442,0.675,0.325,1.0
2025-12-11T05:08:11.960385,0.675,0.325,1.0
2025-12-11T05:08:12.576776,0.675,0.325,1.0
2025-12-11T05:08:13.194066,0.675,0.325,1.0
2025-12-11T05:08:13.807883,0.675,0.325,1.0
2025-12-11T05:08:14.422085,0.665,0.335,1.0
2025-12-11T05:08:15.036069,0.67,0.33,1.0
2025-12-11T05:08:15.660356,0.675,0.325,1.0
2025-12-11T05:08:16.279852,0.675,0.315,0.99
2025-12-11T05:08:16.894676,0.685,0.315,1.0
2025-12-11T05:08:17.510747,0.69,0.31,1.0
2025-12-11T05:08:18.113072,0.685,0.315,1.0
2025-12-11T05:08:18.726664,0.685,0.315,1.0
2025-12-11T05:08:19.332338,0.685,0.315,1.0
2025-12-11T05:08:19.956105,0.685,0.315,1.0
2025-12-11T05:08:20.575639,0.685,0.315,1.0
2025-12-11T05:08:21.184556,0.685,0.315,1.0
2025-12-11T05:08:21.802212,0.675,0.325,1.0
2025-12-11T05:08:22.422407,0.675,0.325,1.0
2025-12-11T05:08:23.048223,0.675,0.325,1.0
2025-12-11T05:08:23.659719,0.68,0.32,1.0
2025-12-11T05:08:24.277713,0.68,0.32,1.0
2025-12-11T05:08:24.896392,0.685,0.315,1.0
2025-12-11T05:08:25.501462,0.685,0.315,1.0
2025-12-11T05:08:26.102051,0.69,0.31,1.0
2025-12-11T05:08:26.704891,0.695,0.305,1.0
2025-12-11T05:08:27.317144,0.725,0.275,1.0
2025-12-11T05:08:27.921144,0.725,0.275,1.0
2025-12-11T05:08:28.537168,0.725,0.275,1.0
2025-12-11T05:08:27.595492,0.725,0.275,1.0
2025-12-11T05:08:28.202405,0.74,0.26,1.0
2025-12-11T05:08:28.815470,0.745,0.255,1.0
2025-12-11T05:08:29.428178,0.745,0.255,1.0
2025-12-11T05:08:30.024857,0.735,0.265,1.0
2025-12-11T05:08:30.639137,0.735,0.265,1.0
2025-12-11T05:08:31.253254,0.735,0.265,1.0
2025-12-11T05:08:31.873884,0.735,0.265,1.0
2025-12-11T05:08:32.490826,0.72,0.28,1.0
2025-12-11T05:08:33.111205,0.705,0.295,1.0
2025-12-11T05:08:33.765691,0.705,0.295,1.0
2025-12-11T05:08:34.371509,0.7,0.3,1.0
2025-12-11T05:08:34.992783,0.705,0.295,1.0
2025-12-11T05:08:35.658354,0.705,0.295,1.0
2025-12-11T05:08:36.257353,0.695,0.305,1.0
2025-12-11T05:08:36.864588,0.685,0.31,0.9950000000000001
2025-12-11T05:08:37.463689,0.69,0.3,0.99
2025-12-11T05:08:38.070572,0.7,0.3,1.0
2025-12-11T05:08:38.679263,0.705,0.3,1.005
2025-12-11T05:08:39.280019,0.685,0.315,1.0
2025-12-11T05:08:39.886044,0.69,0.31,1.0
2025-12-11T05:08:40.485551,0.695,0.305,1.0
2025-12-11T05:08:41.095034,0.7,0.3,1.0
2025-12-11T05:08:41.693825,0.705,0.295,1.0
2025-12-11T05:08:42.294216,0.7,0.3,1.0
2025-12-11T05:08:42.897975,0.69,0.31,1.0
2025-12-11T05:08:43.513010,0.69,0.31,1.0
2025-12-11T05:08:44.118464,0.685,0.315,1.0
2025-12-11T05:08:44.734833,0.695,0.305,1.0
2025-12-11T05:08:45.335423,0.685,0.31,0.9950000000000001
2025-12-11T05:08:45.941463,0.69,0.31,1.0
2025-12-11T05:08:46.546244,0.695,0.305,1.0
2025-12-11T05:08:47.148373,0.695,0.305,1.0
2025-12-11T05:08:47.763326,0.695,0.305,1.0
2025-12-11T05:08:48.368913,0.685,0.305,0.99
2025-12-11T05:08:48.979384,0.7,0.3,1.0
2025-12-11T05:08:49.599696,0.7,0.3,1.0
2025-12-11T05:08:50.201615,0.675,0.325,1.0
2025-12-11T05:08:50.816945,0.685,0.315,1.0
2025-12-11T05:08:51.426369,0.695,0.305,1.0
2025-12-11T05:08:52.031057,0.695,0.305,1.0
2025-12-11T05:08:52.634822,0.7,0.3,1.0
2025-12-11T05:08:53.244484,0.705,0.295,1.0
2025-12-11T05:08:53.855709,0.705,0.295,1.0
2025-12-11T05:08:54.465534,0.705,0.295,1.0
2025-12-11T05:08:55.074958,0.695,0.305,1.0
2025-12-11T05:08:55.687307,0.715,0.285,1.0
2025-12-11T05:08:56.294187,0.715,0.285,1.0
2025-12-11T05:08:56.902525,0.715,0.285,1.0
2025-12-11T05:08:57.510039,0.715,0.285,1.0
2025-12-11T05:08:58.124666,0.715,0.285,1.0
2025-12-11T05:08:58.740537,0.72,0.28,1.0
2025-12-11T05:08:57.767916,0.735,0.265,1.0
2025-12-11T05:08:58.367608,0.73,0.27,1.0
2025-12-11T05:08:58.981536,0.735,0.265,1.0
2025-12-11T05:08:59.589555,0.745,0.255,1.0
2025-12-11T05:09:00.205396,0.74,0.26,1.0
2025-12-11T05:09:00.821990,0.745,0.255,1.0
2025-12-11T05:09:01.445726,0.745,0.255,1.0
2025-12-11T05:09:02.061725,0.735,0.265,1.0
2025-12-11T05:09:02.661412,0.73,0.27,1.0
2025-12-11T05:09:03.278245,0.755,0.245,1.0
2025-12-11T05:09:03.879739,0.745,0.255,1.0
2025-12-11T05:09:04.500646,0.75,0.25,1.0
2025-12-11T05:09:05.118950,0.745,0.255,1.0
2025-12-11T05:09:05.722991,0.775,0.225,1.0
2025-12-11T05:09:06.338849,0.77,0.23,1.0
2025-12-11T05:09:06.940597,0.785,0.215,1.0
2025-12-11T05:09:07.556986,0.78,0.22,1.0
2025-12-11T05:09:08.159228,0.78,0.22,1.0
2025-12-11T05:09:08.764624,0.785,0.215,1.0
2025-12-11T05:09:09.377264,0.775,0.225,1.0
2025-12-11T05:09:09.994257,0.765,0.235,1.0
2025-12-11T05:09:10.605847,0.775,0.225,1.0
2025-12-11T05:09:11.213809,0.77,0.23,1.0
2025-12-11T05:09:11.825253,0.77,0.23,1.0
2025-12-11T05:09:12.437228,0.77,0.23,1.0
2025-12-11T05:09:13.049104,0.78,0.22,1.0
2025-12-11T05:09:13.661543,0.775,0.225,1.0
2025-12-11T05:09:14.279712,0.77,0.23,1.0
2025-12-11T05:09:14.901752,0.785,0.22,1.0050000000000001
2025-12-11T05:09:15.518746,0.79,0.21,1.0
2025-12-11T05:09:16.143296,0.795,0.205,1.0
2025-12-11T05:09:16.762522,0.795,0.205,1.0
2025-12-11T05:09:17.378878,0.775,0.23,1.0050000000000001
2025-12-11T05:09:17.996340,0.755,0.245,1.0
2025-12-11T05:09:18.606426,0.745,0.26,1.005
2025-12-11T05:09:19.220524,0.695,0.305,1.0
2025-12-11T05:09:19.841959,0.725,0.275,1.0
2025-12-11T05:09:20.459144,0.72,0.28,1.0
2025-12-11T05:09:21.064259,0.715,0.285,1.0
2025-12-11T05:09:21.683992,0.725,0.275,1.0
2025-12-11T05:09:22.313268,0.705,0.295,1.0
2025-12-11T05:09:22.934479,0.72,0.275,0.995
2025-12-11T05:09:23.554256,0.715,0.285,1.0
2025-12-11T05:09:24.162046,0.715,0.285,1.0
2025-12-11T05:09:24.772570,0.735,0.265,1.0
2025-12-11T05:09:25.389063,0.735,0.265,1.0
2025-12-11T05:09:26.033432,0.74,0.26,1.0
2025-12-11T05:09:26.660836,0.755,0.245,1.0
2025-12-11T05:09:27.272008,0.755,0.245,1.0
2025-12-11T05:09:27.885610,0.755,0.245,1.0
2025-12-11T05:09:28.492628,0.765,0.235,1.0
2025-12-11T05:09:29.091444,0.765,0.235,1.0
2025-12-11T05:09:29.696845,0.76,0.24,1.0
2025-12-11T05:09:28.733165,0.755,0.25,1.005
2025-12-11T05:09:29.346294,0.745,0.255,1.0
2025-12-11T05:09:29.957440,0.72,0.26,0.98
2025-12-11T05:09:30.564244,0.74,0.255,0.995
2025-12-11T05:09:31.177134,0.75,0.25,1.0
2025-12-11T05:09:31.794913,0.75,0.25,1.0
2025-12-11T05:09:32.412984,0.75,0.25,1.0
2025-12-11T05:09:33.010757,0.75,0.25,1.0
2025-12-11T05:09:33.612796,0.75,0.25,1.0
2025-12-11T05:09:34.214691,0.76,0.24,1.0
2025-12-11T05:09:34.821958,0.76,0.24,1.0
2025-12-11T05:09:35.456227,0.77,0.23,1.0
2025-12-11T05:09:36.062731,0.755,0.245,1.0
2025-12-11T05:09:36.668657,0.755,0.245,1.0
2025-12-11T05:09:37.267119,0.755,0.245,1.0
2025-12-11T05:09:37.867637,0.755,0.245,1.0
2025-12-11T05:09:38.481191,0.78,0.215,0.995
2025-12-11T05:09:39.098630,0.785,0.215,1.0
2025-12-11T05:09:39.702338,0.785,0.215,1.0
2025-12-11T05:09:40.338342,0.785,0.215,1.0
2025-12-11T05:09:40.958633,0.785,0.215,1.0
2025-12-11T05:09:41.566856,0.785,0.215,1.0
2025-12-11T05:09:42.192701,0.785,0.215,1.0
2025-12-11T05:09:42.818950,0.785,0.215,1.0
2025-12-11T05:09:43.437741,0.785,0.215,1.0
2025-12-11T05:09:44.114257,0.785,0.215,1.0
2025-12-11T05:09:44.743097,0.785,0.215,1.0
2025-12-11T05:09:45.361173,0.785,0.215,1.0
2025-12-11T05:09:46.050973,0.785,0.215,1.0
2025-12-11T05:09:46.675396,0.785,0.215,1.0
2025-12-11T05:09:47.293387,0.785,0.215,1.0
2025-12-11T05:09:47.910899,0.785,0.215,1.0
2025-12-11T05:09:48.523624,0.785,0.215,1.0
2025-12-11T05:09:49.141266,0.79,0.21,1.0
2025-12-11T05:09:49.760093,0.785,0.215,1.0
2025-12-11T05:09:50.375985,0.79,0.21,1.0
2025-12-11T05:09:50.993718,0.795,0.205,1.0
2025-12-11T05:09:51.609764,0.795,0.205,1.0
2025-12-11T05:09:52.230868,0.805,0.195,1.0
2025-12-11T05:09:52.848181,0.805,0.195,1.0
2025-12-11T05:09:53.457975,0.805,0.195,1.0
2025-12-11T05:09:54.073392,0.805,0.195,1.0
2025-12-11T05:09:54.689252,0.785,0.215,1.0
2025-12-11T05:09:55.307847,0.75,0.24,0.99
2025-12-11T05:09:55.921628,0.805,0.195,1.0
2025-12-11T05:09:56.534792,0.77,0.23,1.0
2025-12-11T05:09:57.147363,0.775,0.225,1.0
2025-12-11T05:09:57.765748,0.805,0.215,1.02
2025-12-11T05:09:58.386061,0.78,0.22,1.0
2025-12-11T05:09:59.002767,0.78,0.215,0.995
2025-12-11T05:09:59.619781,0.805,0.195,1.0
2025-12-11T05:10:00.234460,0.815,0.185,1.0
2025-12-11T05:09:59.261940,0.795,0.205,1.0
2025-12-11T05:09:59.867237,0.8,0.205,1.0050000000000001
2025-12-11T05:10:00.482128,0.805,0.2,1.0050000000000001
2025-12-11T05:10:01.129239,0.815,0.185,1.0
2025-12-11T05:10:01.746989,0.805,0.195,1.0
2025-12-11T05:10:02.373514,0.795,0.205,1.0
2025-12-11T05:10:02.983353,0.79,0.21,1.0
2025-12-11T05:10:03.601373,0.815,0.185,1.0
2025-12-11T05:10:04.221370,0.825,0.175,1.0
2025-12-11T05:10:04.834595,0.825,0.175,1.0
2025-12-11T05:10:05.456741,0.82,0.18,1.0
2025-12-11T05:10:06.099544,0.815,0.185,1.0
2025-12-11T05:10:06.716367,0.82,0.18,1.0
2025-12-11T05:10:07.331879,0.83,0.17,1.0
2025-12-11T05:10:07.946316,0.835,0.165,1.0
2025-12-11T05:10:08.559629,0.835,0.165,1.0
2025-12-11T05:10:09.189738,0.835,0.165,1.0
2025-12-11T05:10:09.788781,0.835,0.165,1.0
2025-12-11T05:10:10.492670,0.835,0.165,1.0
2025-12-11T05:10:11.106253,0.755,0.245,1.0
2025-12-11T05:10:11.720118,0.745,0.255,1.0
2025-12-11T05:10:12.336202,0.745,0.255,1.0
2025-12-11T05:10:12.951094,0.715,0.285,1.0
2025-12-11T05:10:13.566622,0.73,0.255,0.985
2025-12-11T05:10:14.183372,0.725,0.275,1.0
2025-12-11T05:10:14.781813,0.755,0.24,0.995
2025-12-11T05:10:15.395308,0.765,0.235,1.0
2025-12-11T05:10:16.003827,0.75,0.25,1.0
2025-12-11T05:10:16.616076,0.75,0.25,1.0
2025-12-11T05:10:17.289114,0.765,0.235,1.0
2025-12-11T05:10:17.903511,0.765,0.235,1.0
2025-12-11T05:10:18.522137,0.75,0.25,1.0
2025-12-11T05:10:19.137846,0.75,0.25,1.0
2025-12-11T05:10:19.766676,0.745,0.255,1.0
2025-12-11T05:10:20.385229,0.75,0.25,1.0
2025-12-11T05:10:21.002880,0.75,0.25,1.0
2025-12-11T05:10:21.620990,0.76,0.245,1.005
2025-12-11T05:10:22.236366,0.76,0.24,1.0
2025-12-11T05:10:22.850458,0.75,0.25,1.0
2025-12-11T05:10:23.463663,0.745,0.255,1.0
2025-12-11T05:10:24.080715,0.745,0.255,1.0
2025-12-11T05:10:24.697120,0.735,0.265,1.0
2025-12-11T05:10:25.316671,0.735,0.265,1.0
2025-12-11T05:10:25.930778,0.73,0.27,1.0
2025-12-11T05:10:26.547570,0.73,0.27,1.0
2025-12-11T05:10:27.161841,0.735,0.265,1.0
2025-12-11T05:10:27.774476,0.735,0.265,1.0
2025-12-11T05:10:28.397366,0.735,0.265,1.0
2025-12-11T05:10:29.014294,0.735,0.265,1.0
2025-12-11T05:10:29.618855,0.745,0.255,1.0
2025-12-11T05:10:30.216111,0.745,0.255,1.0
2025-12-11T05:10:30.836416,0.755,0.245,1.0
2025-12-11T05:10:29.869775,0.765,0.235,1.0
2025-12-11T05:10:30.483548,0.76,0.24,1.0
2025-12-11T05:10:31.097329,0.76,0.24,1.0
2025-12-11T05:10:31.711143,0.76,0.24,1.0
2025-12-11T05:10:32.323665,0.755,0.245,1.0
2025-12-11T05:10:32.925880,0.765,0.235,1.0
2025-12-11T05:10:33.537945,0.775,0.225,1.0
2025-12-11T05:10:34.146438,0.785,0.205,0.99
2025-12-11T05:10:34.759331,0.795,0.205,1.0
2025-12-11T05:10:35.362396,0.795,0.2,0.9950000000000001
2025-12-11T05:10:35.964895,0.795,0.205,1.0
2025-12-11T05:10:36.570224,0.795,0.205,1.0
2025-12-11T05:10:37.171201,0.795,0.205,1.0
2025-12-11T05:10:37.775555,0.795,0.205,1.0
2025-12-11T05:10:38.373811,0.805,0.195,1.0
2025-12-11T05:10:38.985140,0.815,0.18,0.9949999999999999
2025-12-11T05:10:39.597453,0.825,0.17,0.995
2025-12-11T05:10:40.206231,0.825,0.175,1.0
2025-12-11T05:10:40.818440,0.82,0.18,1.0
2025-12-11T05:10:41.426340,0.82,0.18,1.0
2025-12-11T05:10:42.035891,0.815,0.185,1.0
2025-12-11T05:10:42.656198,0.815,0.185,1.0
2025-12-11T05:10:43.264699,0.815,0.175,0.99
2025-12-11T05:10:43.884766,0.825,0.175,1.0
2025-12-11T05:10:44.502671,0.83,0.17,1.0
2025-12-11T05:10:45.120014,0.835,0.165,1.0
2025-12-11T05:10:45.740392,0.835,0.165,1.0
2025-12-11T05:10:46.346188,0.84,0.16,1.0
2025-12-11T05:10:46.959530,0.845,0.155,1.0
2025-12-11T05:10:47.568411,0.84,0.16,1.0
2025-12-11T05:10:48.181838,0.85,0.15,1.0
2025-12-11T05:10:48.791999,0.855,0.145,1.0
2025-12-11T05:10:49.424708,0.85,0.15,1.0
2025-12-11T05:10:50.038974,0.855,0.145,1.0
2025-12-11T05:10:50.657792,0.855,0.145,1.0
2025-12-11T05:10:51.278333,0.845,0.15,0.995
2025-12-11T05:10:51.936241,0.86,0.14,1.0
2025-12-11T05:10:52.553768,0.835,0.165,1.0
2025-12-11T05:10:53.180016,0.83,0.17,1.0
2025-12-11T05:10:53.789774,0.845,0.155,1.0
2025-12-11T05:10:54.401749,0.845,0.155,1.0
2025-12-11T05:10:55.019004,0.845,0.155,1.0
2025-12-11T05:10:55.633183,0.845,0.155,1.0
2025-12-11T05:10:56.249401,0.845,0.155,1.0
2025-12-11T05:10:56.867698,0.845,0.155,1.0
2025-12-11T05:10:57.481919,0.845,0.155,1.0
2025-12-11T05:10:58.088007,0.855,0.145,1.0
2025-12-11T05:10:58.704128,0.86,0.14,1.0
2025-12-11T05:10:59.322377,0.865,0.135,1.0
2025-12-11T05:10:59.939945,0.865,0.135,1.0
2025-12-11T05:11:00.552378,0.865,0.135,1.0
2025-12-11T05:11:01.196702,0.885,0.115,1.0
2025-12-11T05:11:01.813280,0.885,0.115,1.0
2025-12-11T05:11:00.842062,0.885,0.115,1.0
2025-12-11T05:11:01.455942,0.875,0.125,1.0
2025-12-11T05:11:02.071441,0.875,0.125,1.0
2025-12-11T05:11:02.671222,0.875,0.125,1.0
2025-12-11T05:11:03.288432,0.875,0.125,1.0
2025-12-11T05:11:03.902752,0.89,0.11,1.0
2025-12-11T05:11:04.530660,0.895,0.105,1.0
2025-12-11T05:11:05.153880,0.895,0.105,1.0
2025-12-11T05:11:05.757941,0.9,0.1,1.0
2025-12-11T05:11:06.372415,0.905,0.095,1.0
2025-12-11T05:11:06.978364,0.905,0.095,1.0
2025-12-11T05:11:07.592720,0.905,0.095,1.0
2025-12-11T05:11:08.215257,0.905,0.095,1.0
2025-12-11T05:11:08.835448,0.905,0.095,1.0
2025-12-11T05:11:09.466394,0.905,0.095,1.0
2025-12-11T05:11:10.086080,0.905,0.095,1.0
2025-12-11T05:11:10.699536,0.915,0.085,1.0
2025-12-11T05:11:11.308103,0.925,0.075,1.0
2025-12-11T05:11:11.929134,0.925,0.075,1.0
2025-12-11T05:11:12.547001,0.925,0.075,1.0
2025-12-11T05:11:13.163121,0.925,0.075,1.0
2025-12-11T05:11:13.776004,0.935,0.065,1.0
2025-12-11T05:11:14.401009,0.935,0.065,1.0
2025-12-11T05:11:15.002678,0.94,0.06,1.0
2025-12-11T05:11:15.600565,0.945,0.055,1.0
2025-12-11T05:11:16.214575,0.945,0.055,1.0
2025-12-11T05:11:16.832663,0.945,0.055,1.0
2025-12-11T05:11:17.450314,0.945,0.055,1.0
2025-12-11T05:11:18.064768,0.945,0.055,1.0
2025-12-11T05:11:18.681941,0.925,0.075,1.0
2025-12-11T05:11:19.289863,0.935,0.065,1.0
2025-12-11T05:11:19.908161,0.93,0.07,1.0
2025-12-11T05:11:20.523318,0.945,0.055,1.0
2025-12-11T05:11:21.135406,0.945,0.055,1.0
2025-12-11T05:11:21.755222,0.95,0.05,1.0
2025-12-11T05:11:22.374014,0.935,0.07,1.0050000000000001
2025-12-11T05:11:23.032716,0.915,0.085,1.0
2025-12-11T05:11:23.649631,0.91,0.09,1.0
2025-12-11T05:11:24.266776,0.915,0.085,1.0
2025-12-11T05:11:24.888140,0.92,0.08,1.0
2025-12-11T05:11:25.513724,0.925,0.075,1.0
2025-12-11T05:11:26.131782,0.935,0.065,1.0
2025-12-11T05:11:26.753177,0.94,0.06,1.0
2025-12-11T05:11:27.369656,0.935,0.065,1.0
2025-12-11T05:11:27.982033,0.935,0.065,1.0
2025-12-11T05:11:28.601657,0.945,0.055,1.0
2025-12-11T05:11:29.221965,0.945,0.055,1.0
2025-12-11T05:11:29.839514,0.95,0.05,1.0
2025-12-11T05:11:30.451974,0.95,0.05,1.0
2025-12-11T05:11:31.074839,0.945,0.055,1.0
2025-12-11T05:11:31.686447,0.94,0.06,1.0
2025-12-11T05:11:32.308737,0.94,0.06,1.0
2025-12-11T05:11:31.341024,0.945,0.055,1.0
2025-12-11T05:11:31.968526,0.945,0.055,1.0
2025-12-11T05:11:32.582173,0.94,0.06,1.0
2025-12-11T05:11:33.191217,0.95,0.05,1.0
2025-12-11T05:11:33.809021,0.955,0.045,1.0
2025-12-11T05:11:34.421085,0.955,0.045,1.0
2025-12-11T05:11:35.021204,0.935,0.065,1.0
2025-12-11T05:11:35.640627,0.935,0.065,1.0
2025-12-11T05:11:36.268735,0.935,0.065,1.0
2025-12-11T05:11:36.896594,0.925,0.075,1.0
2025-12-11T05:11:37.523179,0.925,0.075,1.0
2025-12-11T05:11:38.140581,0.93,0.07,1.0
2025-12-11T05:11:38.762098,0.93,0.07,1.0
2025-12-11T05:11:39.380969,0.925,0.085,1.01
2025-12-11T05:11:39.996959,0.925,0.075,1.0
2025-12-11T05:11:40.615482,0.94,0.06,1.0
2025-12-11T05:11:41.232947,0.945,0.055,1.0
2025-12-11T05:11:41.845792,0.93,0.07,1.0
2025-12-11T05:11:42.461033,0.925,0.07,0.9950000000000001
2025-12-11T05:11:43.058663,0.935,0.065,1.0
2025-12-11T05:11:43.684853,0.945,0.055,1.0
2025-12-11T05:11:44.303481,0.945,0.055,1.0
2025-12-11T05:11:44.919508,0.945,0.055,1.0
2025-12-11T05:11:45.543053,0.935,0.065,1.0
2025-12-11T05:11:46.159762,0.935,0.065,1.0
2025-12-11T05:11:46.777384,0.935,0.065,1.0
2025-12-11T05:11:47.391194,0.935,0.065,1.0
2025-12-11T05:11:48.008487,0.94,0.06,1.0
2025-12-11T05:11:48.624053,0.94,0.06,1.0
2025-12-11T05:11:49.245050,0.935,0.065,1.0
2025-12-11T05:11:49.858083,0.945,0.055,1.0
2025-12-11T05:11:50.480852,0.95,0.05,1.0
2025-12-11T05:11:51.079888,0.945,0.055,1.0
2025-12-11T05:11:51.695781,0.945,0.055,1.0
2025-12-11T05:11:52.314123,0.945,0.055,1.0
2025-12-11T05:11:52.931218,0.955,0.045,1.0
2025-12-11T05:11:53.549270,0.95,0.05,1.0
2025-12-11T05:11:54.159624,0.945,0.055,1.0
2025-12-11T05:11:54.772360,0.945,0.055,1.0
2025-12-11T05:11:55.383846,0.945,0.055,1.0
2025-12-11T05:11:55.995734,0.955,0.045,1.0
2025-12-11T05:11:56.610786,0.955,0.045,1.0
2025-12-11T05:11:57.225423,0.955,0.045,1.0
2025-12-11T05:11:57.843470,0.955,0.045,1.0
2025-12-11T05:11:58.459085,0.96,0.04,1.0
2025-12-11T05:11:59.055944,0.955,0.045,1.0
2025-12-11T05:11:59.660195,0.955,0.045,1.0
2025-12-11T05:12:00.271184,0.955,0.045,1.0
2025-12-11T05:12:00.869895,0.965,0.035,1.0
2025-12-11T05:12:01.481381,0.965,0.035,1.0
2025-12-11T05:12:02.088755,0.965,0.035,1.0
2025-12-11T05:12:02.688095,0.965,0.035,1.0
2025-12-11T05:12:03.298778,0.975,0.03,1.005
2025-12-11T05:12:02.374245,0.96,0.045,1.005
2025-12-11T05:12:02.995750,0.955,0.045,1.0
2025-12-11T05:12:03.594260,0.945,0.055,1.0
2025-12-11T05:12:04.214345,0.975,0.025,1.0
2025-12-11T05:12:04.834937,0.975,0.025,1.0
2025-12-11T05:12:05.465477,0.97,0.03,1.0
2025-12-11T05:12:06.086562,0.97,0.03,1.0
2025-12-11T05:12:06.699307,0.97,0.03,1.0
2025-12-11T05:12:07.311563,0.975,0.03,1.005
2025-12-11T05:12:07.932418,0.97,0.03,1.0
2025-12-11T05:12:08.542478,0.975,0.025,1.0
2025-12-11T05:12:09.152424,0.965,0.035,1.0
2025-12-11T05:12:09.755442,0.965,0.035,1.0
2025-12-11T05:12:10.366398,0.965,0.035,1.0
2025-12-11T05:12:11.017445,0.965,0.035,1.0
2025-12-11T05:12:11.623522,0.965,0.035,1.0
2025-12-11T05:12:12.224313,0.965,0.035,1.0
2025-12-11T05:12:12.827294,0.965,0.035,1.0
2025-12-11T05:12:13.437701,0.965,0.035,1.0
2025-12-11T05:12:14.043005,0.975,0.025,1.0
2025-12-11T05:12:14.646777,0.975,0.025,1.0
2025-12-11T05:12:15.255409,0.975,0.025,1.0
2025-12-11T05:12:15.855200,0.975,0.025,1.0
2025-12-11T05:12:16.459964,0.985,0.015,1.0
2025-12-11T05:12:17.073600,0.985,0.015,1.0
2025-12-11T05:12:17.683178,0.975,0.025,1.0
2025-12-11T05:12:18.289981,0.975,0.025,1.0
2025-12-11T05:12:18.918175,0.975,0.02,0.995
2025-12-11T05:12:19.532953,0.975,0.025,1.0
2025-12-11T05:12:20.148192,0.98,0.02,1.0
2025-12-11T05:12:20.761750,0.98,0.02,1.0
2025-12-11T05:12:21.376804,0.975,0.025,1.0
2025-12-11T05:12:21.995134,0.975,0.025,1.0
2025-12-11T05:12:22.595984,0.975,0.025,1.0
2025-12-11T05:12:23.217111,0.975,0.025,1.0
2025-12-11T05:12:23.835921,0.98,0.015,0.995
2025-12-11T05:12:24.453051,0.985,0.015,1.0
2025-12-11T05:12:25.070368,0.985,0.015,1.0
2025-12-11T05:12:25.679120,0.985,0.015,1.0
2025-12-11T05:12:26.297729,0.985,0.015,1.0
2025-12-11T05:12:26.919417,0.985,0.015,1.0
2025-12-11T05:12:27.526108,0.985,0.015,1.0
2025-12-11T05:12:28.145496,0.985,0.015,1.0
2025-12-11T05:12:28.757463,0.985,0.015,1.0
2025-12-11T05:12:29.372711,0.985,0.015,1.0
2025-12-11T05:12:29.997618,0.985,0.015,1.0
2025-12-11T05:12:30.607085,0.985,0.015,1.0
2025-12-11T05:12:31.217757,0.985,0.015,1.0
2025-12-11T05:12:31.829824,0.985,0.015,1.0
2025-12-11T05:12:32.440208,0.985,0.015,1.0
2025-12-11T05:12:33.059900,0.985,0.015,1.0
2025-12-11T05:12:33.666083,0.985,0.015,1.0
2025-12-11T05:12:32.726280,0.975,0.025,1.0
2025-12-11T05:12:33.343947,0.975,0.025,1.0
2025-12-11T05:12:33.955654,0.975,0.025,1.0
2025-12-11T05:12:34.568705,0.98,0.02,1.0
2025-12-11T05:12:35.183960,0.98,0.02,1.0
2025-12-11T05:12:35.805035,0.98,0.02,1.0
2025-12-11T05:12:36.424390,0.98,0.02,1.0
2025-12-11T05:12:37.044240,0.98,0.02,1.0
2025-12-11T05:12:37.662283,0.98,0.015,0.995
2025-12-11T05:12:38.289273,0.995,0.005,1.0
2025-12-11T05:12:38.921039,0.995,0.005,1.0
2025-12-11T05:12:39.552046,0.995,0.005,1.0
2025-12-11T05:12:40.167996,0.995,0.005,1.0
2025-12-11T05:12:40.787989,0.995,0.005,1.0
2025-12-11T05:12:41.410469,0.995,0.005,1.0
2025-12-11T05:12:42.031175,0.995,0.005,1.0
2025-12-11T05:12:42.649416,0.995,0.005,1.0
2025-12-11T05:12:43.296850,0.995,0.005,1.0
2025-12-11T05:12:43.909254,0.995,0.005,1.0
2025-12-11T05:12:44.525375,0.995,0.005,1.0
2025-12-11T05:12:45.151994,0.995,0.005,1.0
2025-12-11T05:12:45.765812,0.995,0.005,1.0
2025-12-11T05:12:46.379893,0.995,0.005,1.0
2025-12-11T05:12:46.996607,0.995,0.005,1.0
2025-12-11T05:12:47.614846,0.995,0.005,1.0
2025-12-11T05:12:48.219390,0.995,0.005,1.0
2025-12-11T05:12:48.832805,0.995,0.005,1.0
2025-12-11T05:12:49.445065,0.995,0.005,1.0
2025-12-11T05:12:50.059375,0.995,0.005,1.0
2025-12-11T05:12:50.672338,0.995,0.005,1.0
2025-12-11T05:12:51.286487,0.995,0.005,1.0
2025-12-11T05:12:51.899225,0.995,0.005,1.0
2025-12-11T05:12:52.509016,0.995,0.005,1.0
2025-12-11T05:12:53.125500,0.995,0.005,1.0
2025-12-11T05:12:53.744302,0.995,0.005,1.0
2025-12-11T05:12:54.356052,0.995,0.005,1.0
2025-12-11T05:12:54.974133,0.995,0.005,1.0
2025-12-11T05:12:55.591927,0.995,0.005,1.0
2025-12-11T05:12:56.212605,0.995,0.005,1.0
2025-12-11T05:12:56.827655,0.995,0.005,1.0
2025-12-11T05:12:57.444094,0.995,0.005,1.0
2025-12-11T05:12:58.073562,0.995,0.005,1.0
2025-12-11T05:12:58.689108,0.995,0.005,1.0
2025-12-11T05:12:59.308706,0.995,0.005,1.0
2025-12-11T05:12:59.931076,0.995,0.005,1.0
2025-12-11T05:13:00.548608,0.995,0.005,1.0
2025-12-11T05:13:01.169374,0.995,0.005,1.0
2025-12-11T05:13:01.782957,0.995,0.005,1.0
2025-12-11T05:13:02.419662,0.995,0.005,1.0
2025-12-11T05:13:03.029918,0.995,0.005,1.0
2025-12-11T05:13:03.650608,0.995,0.005,1.0
2025-12-11T05:13:04.278838,0.995,0.005,1.0
2025-12-11T05:13:03.318143,0.995,0.005,1.0
2025-12-11T05:13:03.932567,0.995,0.005,1.0
2025-12-11T05:13:04.550330,0.995,0.005,1.0
2025-12-11T05:13:05.165775,0.995,0.005,1.0
2025-12-11T05:13:05.783353,0.995,0.005,1.0
2025-12-11T05:13:06.387134,0.995,0.005,1.0
2025-12-11T05:13:07.004132,0.995,0.005,1.0
2025-12-11T05:13:07.617700,0.995,0.005,1.0
2025-12-11T05:13:08.231720,0.995,0.005,1.0
2025-12-11T05:13:08.845149,0.995,0.005,1.0
2025-12-11T05:13:09.461991,0.995,0.005,1.0
2025-12-11T05:13:10.078317,0.995,0.005,1.0
2025-12-11T05:13:10.687860,0.995,0.005,1.0
2025-12-11T05:13:11.303699,0.995,0.005,1.0
2025-12-11T05:13:11.922469,0.995,0.005,1.0
2025-12-11T05:13:12.535788,0.995,0.005,1.0
2025-12-11T05:13:13.160271,0.995,0.005,1.0
2025-12-11T05:13:13.780800,0.995,0.005,1.0
2025-12-11T05:13:14.387017,0.995,0.005,1.0
2025-12-11T05:13:15.005506,0.995,0.005,1.0
2025-12-11T05:13:15.619698,0.995,0.005,1.0
2025-12-11T05:13:16.236878,0.995,0.005,1.0
2025-12-11T05:13:16.851880,0.995,0.005,1.0
2025-12-11T05:13:17.476860,0.995,0.005,1.0
2025-12-11T05:13:18.108597,0.995,0.005,1.0
2025-12-11T05:13:18.725916,0.995,0.005,1.0
2025-12-11T05:13:19.347018,0.995,0.005,1.0
2025-12-11T05:13:19.963858,0.995,0.005,1.0
2025-12-11T05:13:20.581803,0.995,0.005,1.0
2025-12-11T05:13:21.196458,0.995,0.005,1.0
2025-12-11T05:13:21.812432,0.995,0.005,1.0
2025-12-11T05:13:22.417479,0.995,0.005,1.0
2025-12-11T05:13:23.039717,0.995,0.005,1.0
2025-12-11T05:13:23.657269,0.995,0.005,1.0
2025-12-11T05:13:24.272780,0.995,0.005,1.0
2025-12-11T05:13:24.889182,0.995,0.005,1.0
2025-12-11T05:13:25.511665,0.995,0.005,1.0
2025-12-11T05:13:26.123669,0.995,0.005,1.0
2025-12-11T05:13:26.743806,0.995,0.005,1.0
2025-12-11T05:13:27.361822,0.995,0.005,1.0
2025-12-11T05:13:27.977152,0.995,0.005,1.0
2025-12-11T05:13:28.592078,0.995,0.005,1.0
2025-12-11T05:13:29.204328,0.995,0.005,1.0
2025-12-11T05:13:29.820545,0.995,0.005,1.0
2025-12-11T05:13:30.423952,0.995,0.005,1.0
2025-12-11T05:13:31.041332,0.995,0.005,1.0
2025-12-11T05:13:31.658496,0.995,0.005,1.0
2025-12-11T05:13:32.259287,0.995,0.005,1.0
2025-12-11T05:13:32.889083,0.995,0.005,1.0
2025-12-11T05:13:33.505407,0.995,0.005,1.0
2025-12-11T05:13:34.129993,0.995,0.005,1.0
2025-12-11T05:13:34.750638,0.995,0.005,1.0
2025-12-11T05:13:35.398548,0.995,0.005,1.0
2025-12-11T05:13:34.442231,0.995,0.005,1.0
2025-12-11T05:13:35.049611,0.995,0.005,1.0
2025-12-11T05:13:35.667213,0.995,0.005,1.0
2025-12-11T05:13:36.287021,0.995,0.005,1.0
2025-12-11T05:13:36.893971,0.995,0.005,1.0
2025-12-11T05:13:37.505758,0.995,0.005,1.0
2025-12-11T05:13:38.132869,0.995,0.005,1.0
2025-12-11T05:13:38.752573,0.985,0.015,1.0
2025-12-11T05:13:39.356670,0.985,0.015,1.0
2025-12-11T05:13:39.964472,0.985,0.015,1.0
2025-12-11T05:13:40.580103,0.995,0.005,1.0
2025-12-11T05:13:41.179785,0.995,0.005,1.0
2025-12-11T05:13:41.802510,0.995,0.005,1.0
2025-12-11T05:13:42.429298,0.975,0.025,1.0
2025-12-11T05:13:43.045482,0.985,0.015,1.0
2025-12-11T05:13:43.671858,0.995,0.005,1.0
2025-12-11T05:13:44.293208,0.995,0.005,1.0
2025-12-11T05:13:44.889413,0.995,0.005,1.0
2025-12-11T05:13:45.507367,0.995,0.005,1.0
2025-12-11T05:13:46.123698,0.995,0.005,1.0
2025-12-11T05:13:46.741431,0.985,0.01,0.995
2025-12-11T05:13:47.355113,0.995,0.005,1.0
2025-12-11T05:13:47.969721,0.995,0.005,1.0
2025-12-11T05:13:48.583989,0.995,0.005,1.0
2025-12-11T05:13:49.205874,0.995,0.005,1.0
2025-12-11T05:13:49.820276,0.995,0.005,1.0
2025-12-11T05:13:50.444066,0.985,0.015,1.0
2025-12-11T05:13:51.063555,0.985,0.015,1.0
2025-12-11T05:13:51.686253,0.985,0.015,1.0
2025-12-11T05:13:52.312323,0.985,0.01,0.995
2025-12-11T05:13:52.924297,0.985,0.015,1.0
2025-12-11T05:13:53.546306,0.985,0.015,1.0
2025-12-11T05:13:54.165337,0.98,0.02,1.0
2025-12-11T05:13:54.788460,0.985,0.015,1.0
2025-12-11T05:13:55.402497,0.985,0.015,1.0
2025-12-11T05:13:56.018963,0.985,0.015,1.0
2025-12-11T05:13:56.634309,0.985,0.015,1.0
2025-12-11T05:13:57.259579,0.985,0.015,1.0
2025-12-11T05:13:57.880949,0.985,0.015,1.0
2025-12-11T05:13:58.499204,0.995,0.005,1.0
2025-12-11T05:13:59.110171,0.995,0.005,1.0
2025-12-11T05:13:59.726059,0.995,0.005,1.0
2025-12-11T05:14:00.332687,0.995,0.005,1.0
2025-12-11T05:14:00.945538,0.995,0.005,1.0
2025-12-11T05:14:01.562609,0.995,0.005,1.0
2025-12-11T05:14:02.181664,0.995,0.005,1.0
2025-12-11T05:14:02.804662,0.995,0.005,1.0
2025-12-11T05:14:03.425388,0.995,0.005,1.0
2025-12-11T05:14:04.045123,0.995,0.005,1.0
2025-12-11T05:14:04.668090,0.995,0.005,1.0
2025-12-11T05:14:05.286659,0.995,0.005,1.0
2025-12-11T05:14:05.904640,0.995,0.005,1.0
2025-12-11T05:14:04.889591,0.995,0.005,1.0
2025-12-11T05:14:05.507886,0.995,0.005,1.0
2025-12-11T05:14:06.128219,0.995,0.005,1.0
2025-12-11T05:14:06.763554,0.995,0.005,1.0
2025-12-11T05:14:07.376650,0.995,0.005,1.0
2025-12-11T05:14:07.983754,0.995,0.005,1.0
2025-12-11T05:14:08.591115,0.995,0.005,1.0
2025-12-11T05:14:09.214024,0.995,0.005,1.0
2025-12-11T05:14:09.824769,0.995,0.005,1.0
2025-12-11T05:14:10.427911,0.995,0.005,1.0
2025-12-11T05:14:11.034398,0.995,0.005,1.0
2025-12-11T05:14:11.642254,0.995,0.005,1.0
2025-12-11T05:14:12.250465,0.995,0.005,1.0
2025-12-11T05:14:12.854942,0.995,0.005,1.0
2025-12-11T05:14:13.464120,0.995,0.005,1.0
2025-12-11T05:14:14.069726,0.995,0.005,1.0
2025-12-11T05:14:14.711549,0.995,0.005,1.0
2025-12-11T05:14:15.322591,0.995,0.005,1.0
2025-12-11T05:14:15.944898,0.995,0.005,1.0
2025-12-11T05:14:16.590453,0.995,0.005,1.0
2025-12-11T05:14:17.214753,0.995,0.005,1.0
2025-12-11T05:14:17.836852,0.995,0.005,1.0
2025-12-11T05:14:18.460561,0.995,0.005,1.0
2025-12-11T05:14:19.064033,0.995,0.005,1.0
2025-12-11T05:14:19.682048,0.995,0.005,1.0
2025-12-11T05:14:20.302349,0.995,0.005,1.0
2025-12-11T05:14:20.916435,0.995,0.005,1.0
2025-12-11T05:14:21.528748,0.995,0.005,1.0
2025-12-11T05:14:22.131893,0.995,0.005,1.0
2025-12-11T05:14:22.739148,0.995,0.005,1.0
2025-12-11T05:14:23.350499,0.995,0.005,1.0
2025-12-11T05:14:23.957185,0.995,0.005,1.0
2025-12-11T05:14:24.571876,0.995,0.005,1.0
2025-12-11T05:14:25.169392,0.995,0.005,1.0
2025-12-11T05:14:25.775970,0.995,0.005,1.0
2025-12-11T05:14:26.375593,0.995,0.005,1.0
2025-12-11T05:14:26.977689,0.995,0.005,1.0
2025-12-11T05:14:27.582244,0.995,0.005,1.0
2025-12-11T05:14:28.189250,0.995,0.005,1.0
2025-12-11T05:14:28.791641,0.995,0.005,1.0
2025-12-11T05:14:29.404892,0.995,0.005,1.0
2025-12-11T05:14:30.009851,0.995,0.005,1.0
2025-12-11T05:14:30.610536,0.995,0.005,1.0
2025-12-11T05:14:31.205438,0.995,0.005,1.0
2025-12-11T05:14:31.814386,0.995,0.005,1.0
2025-12-11T05:14:32.435124,0.995,0.005,1.0
2025-12-11T05:14:33.054783,0.995,0.005,1.0
2025-12-11T05:14:33.651233,0.995,0.005,1.0
2025-12-11T05:14:34.271124,0.995,0.005,1.0
2025-12-11T05:14:34.889299,0.995,0.005,1.0
2025-12-11T05:14:35.530717,0.995,0.005,1.0
2025-12-11T05:14:36.145451,0.995,0.005,1.0
2025-12-11T05:14:36.755253,0.995,0.005,1.0
2025-12-11T05:14:35.804806,0.995,0.005,1.0
2025-12-11T05:14:36.405992,0.995,0.005,1.0
2025-12-11T05:14:37.009138,0.995,0.005,1.0
2025-12-11T05:14:37.628097,0.995,0.005,1.0
2025-12-11T05:14:38.229285,0.995,0.005,1.0
2025-12-11T05:14:38.842247,0.995,0.005,1.0
2025-12-11T05:14:39.453195,0.995,0.005,1.0
2025-12-11T05:14:40.069124,0.995,0.005,1.0
2025-12-11T05:14:40.670201,0.995,0.005,1.0
2025-12-11T05:14:41.286880,0.995,0.005,1.0
2025-12-11T05:14:41.902521,0.995,0.005,1.0
2025-12-11T05:14:42.501598,0.995,0.005,1.0
2025-12-11T05:14:43.111002,0.995,0.005,1.0
2025-12-11T05:14:43.720894,0.995,0.005,1.0
2025-12-11T05:14:44.332006,0.995,0.005,1.0
2025-12-11T05:14:44.944105,0.995,0.005,1.0
2025-12-11T05:14:45.550430,0.995,0.005,1.0
2025-12-11T05:14:46.156999,0.995,0.005,1.0
2025-12-11T05:14:46.761533,0.995,0.005,1.0
2025-12-11T05:14:47.389655,0.995,0.005,1.0
2025-12-11T05:14:47.987821,0.995,0.005,1.0
2025-12-11T05:14:48.597750,0.995,0.005,1.0
2025-12-11T05:14:49.221332,0.995,0.005,1.0
2025-12-11T05:14:49.830720,0.995,0.005,1.0
2025-12-11T05:14:50.439547,0.995,0.005,1.0
2025-12-11T05:14:51.043095,0.995,0.005,1.0
2025-12-11T05:14:51.645499,0.995,0.005,1.0
2025-12-11T05:14:52.248620,0.995,0.005,1.0
2025-12-11T05:14:52.847852,0.995,0.005,1.0
2025-12-11T05:14:53.464086,0.995,0.005,1.0
2025-12-11T05:14:54.063063,0.995,0.005,1.0
2025-12-11T05:14:54.672748,0.995,0.005,1.0
2025-12-11T05:14:55.278447,0.995,0.005,1.0
2025-12-11T05:14:55.878826,0.995,0.005,1.0
2025-12-11T05:14:56.487547,0.995,0.005,1.0
2025-12-11T05:14:57.091030,0.995,0.005,1.0
2025-12-11T05:14:57.696415,0.995,0.005,1.0
2025-12-11T05:14:58.303014,0.995,0.005,1.0
2025-12-11T05:14:58.903919,0.995,0.005,1.0
2025-12-11T05:14:59.521787,0.995,0.005,1.0
2025-12-11T05:15:00.127685,0.995,0.005,1.0
2025-12-11T05:15:00.729436,0.995,0.005,1.0
2025-12-11T05:15:01.333266,0.995,0.005,1.0
2025-12-11T05:15:01.942920,0.995,0.005,1.0
2025-12-11T05:15:02.550786,0.995,0.005,1.0
2025-12-11T05:15:03.166582,0.995,0.005,1.0
2025-12-11T05:15:03.769105,0.995,0.005,1.0
2025-12-11T05:15:04.375821,0.995,0.005,1.0
2025-12-11T05:15:04.987897,0.995,0.005,1.0
2025-12-11T05:15:05.595337,0.995,0.005,1.0
2025-12-11T05:15:06.199490,0.995,0.005,1.0
2025-12-11T05:15:06.810042,0.995,0.005,1.0
2025-12-11T05:15:07.406428,0.995,0.005,1.0
2025-12-11T05:15:06.473438,0.995,0.005,1.0
2025-12-11T05:15:07.069001,0.995,0.005,1.0
2025-12-11T05:15:07.669680,0.995,0.005,1.0
2025-12-11T05:15:08.279001,0.995,0.005,1.0
2025-12-11T05:15:08.896817,0.995,0.005,1.0
2025-12-11T05:15:09.511267,0.995,0.005,1.0
2025-12-11T05:15:10.136182,0.995,0.005,1.0
2025-12-11T05:15:10.752082,0.995,0.005,1.0
2025-12-11T05:15:11.365839,0.995,0.005,1.0
2025-12-11T05:15:11.979098,0.995,0.005,1.0
2025-12-11T05:15:12.591091,0.995,0.005,1.0
2025-12-11T05:15:13.200295,0.995,0.005,1.0
2025-12-11T05:15:13.815591,0.995,0.005,1.0
2025-12-11T05:15:14.424827,0.995,0.005,1.0
2025-12-11T05:15:15.025109,0.995,0.005,1.0
2025-12-11T05:15:15.628655,0.995,0.005,1.0
2025-12-11T05:15:16.232184,0.995,0.005,1.0
2025-12-11T05:15:16.834961,0.995,0.005,1.0
2025-12-11T05:15:17.444153,0.995,0.005,1.0
2025-12-11T05:15:18.095440,0.995,0.005,1.0
2025-12-11T05:15:18.708160,0.995,0.005,1.0
2025-12-11T05:15:19.326640,0.995,0.005,1.0
2025-12-11T05:15:19.925657,0.995,0.005,1.0
2025-12-11T05:15:20.524180,0.995,0.005,1.0
2025-12-11T05:15:21.138686,0.995,0.005,1.0
2025-12-11T05:15:21.742340,0.995,0.005,1.0
2025-12-11T05:15:22.357360,0.995,0.005,1.0
2025-12-11T05:15:22.966595,0.995,0.005,1.0
2025-12-11T05:15:23.575474,0.995,0.005,1.0
2025-12-11T05:15:24.183161,0.995,0.005,1.0
2025-12-11T05:15:24.783744,0.995,0.005,1.0
2025-12-11T05:15:25.405489,0.995,0.005,1.0
2025-12-11T05:15:26.023252,0.995,0.005,1.0
2025-12-11T05:15:26.630936,0.995,0.005,1.0
2025-12-11T05:15:27.247830,0.995,0.005,1.0
2025-12-11T05:15:27.864522,0.995,0.005,1.0
2025-12-11T05:15:28.478887,0.995,0.005,1.0
2025-12-11T05:15:29.090790,0.995,0.005,1.0
2025-12-11T05:15:29.701558,0.995,0.005,1.0
2025-12-11T05:15:30.305288,0.995,0.005,1.0
2025-12-11T05:15:30.911223,0.995,0.005,1.0
2025-12-11T05:15:31.531780,0.995,0.005,1.0
2025-12-11T05:15:32.153356,0.995,0.005,1.0
2025-12-11T05:15:32.769331,0.995,0.005,1.0
2025-12-11T05:15:33.378546,0.995,0.005,1.0
2025-12-11T05:15:34.003056,0.995,0.005,1.0
2025-12-11T05:15:34.609724,0.995,0.005,1.0
2025-12-11T05:15:35.217653,0.995,0.005,1.0
2025-12-11T05:15:35.816621,0.995,0.005,1.0
2025-12-11T05:15:36.421479,0.995,0.005,1.0
2025-12-11T05:15:37.024336,0.995,0.005,1.0
2025-12-11T05:15:37.629026,0.995,0.005,1.0
2025-12-11T05:15:38.236349,0.995,0.005,1.0
2025-12-11T05:15:37.256256,0.995,0.005,1.0
2025-12-11T05:15:37.859525,0.995,0.005,1.0
2025-12-11T05:15:38.466642,0.995,0.005,1.0
2025-12-11T05:15:39.100431,0.995,0.005,1.0
2025-12-11T05:15:39.702961,0.995,0.005,1.0
2025-12-11T05:15:40.322256,0.995,0.005,1.0
2025-12-11T05:15:40.988913,0.995,0.005,1.0
2025-12-11T05:15:41.600293,0.995,0.005,1.0
2025-12-11T05:15:42.209797,0.995,0.005,1.0
2025-12-11T05:15:42.823298,0.995,0.005,1.0
2025-12-11T05:15:43.422217,0.995,0.005,1.0
2025-12-11T05:15:44.026949,0.995,0.005,1.0
2025-12-11T05:15:44.632708,0.995,0.005,1.0
2025-12-11T05:15:45.246475,0.995,0.005,1.0
2025-12-11T05:15:45.862656,0.995,0.005,1.0
2025-12-11T05:15:46.486353,0.995,0.005,1.0
2025-12-11T05:15:47.101384,0.995,0.005,1.0
2025-12-11T05:15:47.722136,0.995,0.005,1.0
2025-12-11T05:15:48.322253,0.995,0.005,1.0
2025-12-11T05:15:48.934654,0.995,0.005,1.0
2025-12-11T05:15:49.564725,0.995,0.005,1.0
2025-12-11T05:15:50.175991,0.995,0.005,1.0
2025-12-11T05:15:50.791871,0.995,0.005,1.0
2025-12-11T05:15:51.393059,0.995,0.005,1.0
2025-12-11T05:15:52.018522,0.995,0.005,1.0
2025-12-11T05:15:52.700413,0.995,0.005,1.0
2025-12-11T05:15:53.319611,0.995,0.005,1.0
2025-12-11T05:15:53.951914,0.995,0.005,1.0
2025-12-11T05:15:54.557523,0.995,0.005,1.0
2025-12-11T05:15:55.163023,0.995,0.005,1.0
2025-12-11T05:15:55.768358,0.995,0.005,1.0
2025-12-11T05:15:56.369778,0.995,0.005,1.0
2025-12-11T05:15:56.987736,0.995,0.005,1.0
2025-12-11T05:15:57.608051,0.995,0.005,1.0
2025-12-11T05:15:58.222246,0.995,0.005,1.0
2025-12-11T05:15:58.836610,0.995,0.005,1.0
2025-12-11T05:15:59.458800,0.995,0.005,1.0
2025-12-11T05:16:00.076538,0.995,0.005,1.0
