timestamp,price_yes,price_no,sum_prices
2025-12-11T00:46:00.678796,0.485,0.515,1.0
2025-12-11T00:46:01.303559,0.485,0.515,1.0
2025-12-11T00:46:01.923536,0.485,0.515,1.0
2025-12-11T00:46:02.532603,0.485,0.515,1.0
2025-12-11T00:46:03.146578,0.485,0.51,0.995
2025-12-11T00:46:03.764335,0.485,0.505,0.99
2025-12-11T00:46:04.384563,0.485,0.515,1.0
2025-12-11T00:46:04.995624,0.485,0.515,1.0
2025-12-11T00:46:05.606915,0.49,0.51,1.0
2025-12-11T00:46:06.215394,0.485,0.515,1.0
2025-12-11T00:46:06.833938,0.485,0.515,1.0
2025-12-11T00:46:07.444591,0.485,0.515,1.0
2025-12-11T00:46:08.061011,0.485,0.525,1.01
2025-12-11T00:46:08.654114,0.475,0.525,1.0
2025-12-11T00:46:09.274992,0.475,0.525,1.0
2025-12-11T00:46:09.896456,0.485,0.515,1.0
2025-12-11T00:46:10.506973,0.495,0.505,1.0
2025-12-11T00:46:11.111017,0.485,0.515,1.0
2025-12-11T00:46:11.719591,0.485,0.515,1.0
2025-12-11T00:46:12.334993,0.485,0.515,1.0
2025-12-11T00:46:12.947137,0.485,0.515,1.0
2025-12-11T00:46:13.575484,0.485,0.515,1.0
2025-12-11T00:46:14.187952,0.485,0.515,1.0
2025-12-11T00:46:14.800136,0.48,0.525,1.005
2025-12-11T00:46:15.403843,0.475,0.525,1.0
2025-12-11T00:46:16.016503,0.475,0.525,1.0
2025-12-11T00:46:15.156368,0.475,0.525,1.0
2025-12-11T00:46:15.764956,0.475,0.525,1.0
2025-12-11T00:46:16.384497,0.475,0.525,1.0
2025-12-11T00:46:16.993033,0.475,0.525,1.0
2025-12-11T00:46:17.601355,0.475,0.525,1.0
2025-12-11T00:46:18.194526,0.485,0.515,1.0
2025-12-11T00:46:18.794492,0.49,0.51,1.0
2025-12-11T00:46:19.405940,0.495,0.505,1.0
2025-12-11T00:46:20.017277,0.49,0.51,1.0
2025-12-11T00:46:20.622913,0.485,0.515,1.0
2025-12-11T00:46:21.242703,0.485,0.515,1.0
2025-12-11T00:46:21.840702,0.49,0.51,1.0
2025-12-11T00:46:22.447025,0.485,0.515,1.0
2025-12-11T00:46:23.053342,0.485,0.515,1.0
2025-12-11T00:46:23.666885,0.485,0.515,1.0
2025-12-11T00:46:24.282536,0.485,0.515,1.0
2025-12-11T00:46:24.890279,0.485,0.515,1.0
2025-12-11T00:46:25.490417,0.485,0.515,1.0
2025-12-11T00:46:26.095276,0.485,0.515,1.0
2025-12-11T00:46:26.698334,0.485,0.515,1.0
2025-12-11T00:46:27.299469,0.485,0.515,1.0
2025-12-11T00:46:27.906501,0.485,0.515,1.0
2025-12-11T00:46:28.505470,0.485,0.515,1.0
2025-12-11T00:46:29.121159,0.485,0.515,1.0
2025-12-11T00:46:29.727877,0.485,0.515,1.0
2025-12-11T00:46:30.343414,0.495,0.505,1.0
2025-12-11T00:46:30.959088,0.485,0.515,1.0
2025-12-11T00:46:31.567727,0.485,0.515,1.0
2025-12-11T00:46:32.180988,0.485,0.515,1.0
2025-12-11T00:46:32.794140,0.485,0.515,1.0
2025-12-11T00:46:33.404933,0.485,0.515,1.0
2025-12-11T00:46:34.032889,0.485,0.515,1.0
2025-12-11T00:46:34.644111,0.495,0.505,1.0
2025-12-11T00:46:35.248331,0.495,0.505,1.0
2025-12-11T00:46:35.869276,0.495,0.505,1.0
2025-12-11T00:46:36.472189,0.495,0.505,1.0
2025-12-11T00:46:37.069658,0.495,0.505,1.0
2025-12-11T00:46:37.674831,0.495,0.505,1.0
2025-12-11T00:46:38.279888,0.495,0.505,1.0
2025-12-11T00:46:38.891247,0.495,0.505,1.0
2025-12-11T00:46:39.499696,0.495,0.505,1.0
2025-12-11T00:46:40.106415,0.495,0.505,1.0
2025-12-11T00:46:40.717729,0.495,0.505,1.0
2025-12-11T00:46:41.321290,0.495,0.505,1.0
2025-12-11T00:46:41.936347,0.5,0.5,1.0
2025-12-11T00:46:42.545655,0.49,0.51,1.0
2025-12-11T00:46:43.138968,0.49,0.51,1.0
2025-12-11T00:46:43.753502,0.49,0.51,1.0
2025-12-11T00:46:44.366999,0.49,0.51,1.0
2025-12-11T00:46:44.981881,0.495,0.505,1.0
2025-12-11T00:46:45.596078,0.495,0.505,1.0
2025-12-11T00:46:46.202604,0.495,0.505,1.0
2025-12-11T00:46:46.812506,0.495,0.505,1.0
2025-12-11T00:46:45.935773,0.495,0.505,1.0
2025-12-11T00:46:46.535567,0.495,0.51,1.005
2025-12-11T00:46:47.139156,0.485,0.515,1.0
2025-12-11T00:46:47.749324,0.485,0.515,1.0
2025-12-11T00:46:48.360740,0.485,0.515,1.0
2025-12-11T00:46:48.961497,0.485,0.515,1.0
2025-12-11T00:46:49.569068,0.485,0.515,1.0
2025-12-11T00:46:50.166930,0.485,0.515,1.0
2025-12-11T00:46:50.761786,0.485,0.515,1.0
2025-12-11T00:46:51.381048,0.495,0.505,1.0
2025-12-11T00:46:51.996828,0.495,0.505,1.0
2025-12-11T00:46:52.594607,0.495,0.505,1.0
2025-12-11T00:46:53.190526,0.495,0.505,1.0
2025-12-11T00:46:53.796550,0.505,0.495,1.0
2025-12-11T00:46:54.399909,0.505,0.495,1.0
2025-12-11T00:46:54.995838,0.505,0.495,1.0
2025-12-11T00:46:55.600647,0.505,0.495,1.0
2025-12-11T00:46:56.215125,0.505,0.495,1.0
2025-12-11T00:46:56.826112,0.505,0.49,0.995
2025-12-11T00:46:57.445112,0.515,0.485,1.0
2025-12-11T00:46:58.055769,0.515,0.48,0.995
2025-12-11T00:46:58.663986,0.525,0.475,1.0
2025-12-11T00:46:59.268637,0.535,0.465,1.0
2025-12-11T00:46:59.873966,0.545,0.455,1.0
2025-12-11T00:47:00.480088,0.555,0.445,1.0
2025-12-11T00:47:01.077861,0.56,0.44,1.0
2025-12-11T00:47:01.684991,0.555,0.445,1.0
2025-12-11T00:47:02.293084,0.555,0.445,1.0
2025-12-11T00:47:02.902533,0.545,0.455,1.0
2025-12-11T00:47:03.507828,0.535,0.465,1.0
2025-12-11T00:47:04.105049,0.535,0.465,1.0
2025-12-11T00:47:04.700918,0.535,0.465,1.0
2025-12-11T00:47:05.311389,0.545,0.455,1.0
2025-12-11T00:47:05.914901,0.545,0.455,1.0
2025-12-11T00:47:06.517744,0.54,0.46,1.0
2025-12-11T00:47:07.120349,0.545,0.455,1.0
2025-12-11T00:47:07.729285,0.545,0.455,1.0
2025-12-11T00:47:08.328180,0.535,0.465,1.0
2025-12-11T00:47:08.932478,0.535,0.465,1.0
2025-12-11T00:47:09.550007,0.535,0.465,1.0
2025-12-11T00:47:10.157904,0.535,0.465,1.0
2025-12-11T00:47:10.770742,0.535,0.465,1.0
2025-12-11T00:47:11.369642,0.535,0.465,1.0
2025-12-11T00:47:11.968148,0.535,0.465,1.0
2025-12-11T00:47:12.577685,0.545,0.455,1.0
2025-12-11T00:47:13.176222,0.575,0.425,1.0
2025-12-11T00:47:13.782730,0.585,0.415,1.0
2025-12-11T00:47:14.386686,0.575,0.425,1.0
2025-12-11T00:47:14.991514,0.575,0.425,1.0
2025-12-11T00:47:15.602028,0.57,0.425,0.9949999999999999
2025-12-11T00:47:16.201375,0.565,0.435,1.0
2025-12-11T00:47:16.807814,0.54,0.465,1.0050000000000001
2025-12-11T00:47:17.410149,0.53,0.47,1.0
2025-12-11T00:47:16.529727,0.525,0.475,1.0
2025-12-11T00:47:17.133149,0.515,0.485,1.0
2025-12-11T00:47:17.737253,0.515,0.485,1.0
2025-12-11T00:47:18.335612,0.525,0.475,1.0
2025-12-11T00:47:18.943596,0.515,0.485,1.0
2025-12-11T00:47:19.556226,0.515,0.485,1.0
2025-12-11T00:47:20.170762,0.515,0.485,1.0
2025-12-11T00:47:20.773443,0.515,0.485,1.0
2025-12-11T00:47:21.377625,0.525,0.475,1.0
2025-12-11T00:47:21.985320,0.515,0.485,1.0
2025-12-11T00:47:22.590088,0.505,0.495,1.0
2025-12-11T00:47:23.216473,0.495,0.505,1.0
2025-12-11T00:47:23.892663,0.485,0.515,1.0
2025-12-11T00:47:24.495517,0.485,0.515,1.0
2025-12-11T00:47:25.093119,0.485,0.505,0.99
2025-12-11T00:47:25.696407,0.485,0.515,1.0
2025-12-11T00:47:26.297784,0.505,0.495,1.0
2025-12-11T00:47:26.908598,0.505,0.495,1.0
2025-12-11T00:47:27.517269,0.5,0.5,1.0
2025-12-11T00:47:28.119084,0.495,0.505,1.0
2025-12-11T00:47:28.728312,0.495,0.505,1.0
2025-12-11T00:47:29.339075,0.495,0.505,1.0
2025-12-11T00:47:29.945988,0.505,0.495,1.0
2025-12-11T00:47:30.543762,0.505,0.495,1.0
2025-12-11T00:47:31.147558,0.495,0.505,1.0
2025-12-11T00:47:31.745374,0.49,0.51,1.0
2025-12-11T00:47:32.357134,0.49,0.51,1.0
2025-12-11T00:47:32.958471,0.49,0.51,1.0
2025-12-11T00:47:33.563264,0.48,0.52,1.0
2025-12-11T00:47:34.171691,0.475,0.525,1.0
2025-12-11T00:47:34.779102,0.475,0.525,1.0
2025-12-11T00:47:35.385864,0.475,0.525,1.0
2025-12-11T00:47:35.986380,0.475,0.525,1.0
2025-12-11T00:47:36.586713,0.49,0.51,1.0
2025-12-11T00:47:37.201070,0.485,0.515,1.0
2025-12-11T00:47:37.809673,0.485,0.515,1.0
2025-12-11T00:47:38.416452,0.485,0.515,1.0
2025-12-11T00:47:39.018295,0.485,0.515,1.0
2025-12-11T00:47:39.684865,0.485,0.515,1.0
2025-12-11T00:47:40.285640,0.49,0.51,1.0
2025-12-11T00:47:40.899454,0.49,0.51,1.0
2025-12-11T00:47:41.513456,0.49,0.51,1.0
2025-12-11T00:47:42.118542,0.49,0.51,1.0
2025-12-11T00:47:42.715128,0.49,0.51,1.0
2025-12-11T00:47:43.309865,0.49,0.51,1.0
2025-12-11T00:47:43.905100,0.49,0.51,1.0
2025-12-11T00:47:44.501682,0.495,0.505,1.0
2025-12-11T00:47:45.098931,0.495,0.505,1.0
2025-12-11T00:47:45.703348,0.505,0.495,1.0
2025-12-11T00:47:46.311195,0.5,0.5,1.0
2025-12-11T00:47:46.922932,0.5,0.5,1.0
2025-12-11T00:47:47.527839,0.5,0.5,1.0
2025-12-11T00:47:48.126727,0.495,0.505,1.0
2025-12-11T00:47:47.253536,0.495,0.505,1.0
2025-12-11T00:47:47.855884,0.495,0.505,1.0
2025-12-11T00:47:48.458445,0.495,0.505,1.0
2025-12-11T00:47:49.057494,0.495,0.505,1.0
2025-12-11T00:47:49.651812,0.495,0.505,1.0
2025-12-11T00:47:50.253901,0.495,0.505,1.0
2025-12-11T00:47:50.868494,0.505,0.495,1.0
2025-12-11T00:47:51.476556,0.5,0.5,1.0
2025-12-11T00:47:52.071397,0.495,0.505,1.0
2025-12-11T00:47:52.678641,0.495,0.505,1.0
2025-12-11T00:47:53.279679,0.495,0.505,1.0
2025-12-11T00:47:53.877893,0.495,0.505,1.0
2025-12-11T00:47:54.480464,0.495,0.505,1.0
2025-12-11T00:47:55.083508,0.495,0.505,1.0
2025-12-11T00:47:55.696374,0.495,0.505,1.0
2025-12-11T00:47:56.299153,0.495,0.505,1.0
2025-12-11T00:47:56.912208,0.495,0.505,1.0
2025-12-11T00:47:57.512023,0.5,0.5,1.0
2025-12-11T00:47:58.114910,0.505,0.495,1.0
2025-12-11T00:47:58.722156,0.505,0.495,1.0
2025-12-11T00:47:59.328478,0.505,0.495,1.0
2025-12-11T00:47:59.942161,0.505,0.495,1.0
2025-12-11T00:48:00.539600,0.505,0.495,1.0
2025-12-11T00:48:01.153244,0.505,0.495,1.0
2025-12-11T00:48:01.761432,0.505,0.495,1.0
2025-12-11T00:48:02.359542,0.505,0.495,1.0
2025-12-11T00:48:02.977668,0.505,0.495,1.0
2025-12-11T00:48:03.573944,0.505,0.495,1.0
2025-12-11T00:48:04.172494,0.505,0.495,1.0
2025-12-11T00:48:04.763904,0.505,0.495,1.0
2025-12-11T00:48:05.371135,0.505,0.495,1.0
2025-12-11T00:48:05.975702,0.505,0.505,1.01
2025-12-11T00:48:06.573157,0.495,0.505,1.0
2025-12-11T00:48:07.181763,0.5,0.5,1.0
2025-12-11T00:48:07.792885,0.5,0.5,1.0
2025-12-11T00:48:08.396677,0.49,0.51,1.0
2025-12-11T00:48:09.004655,0.49,0.51,1.0
2025-12-11T00:48:09.610053,0.505,0.495,1.0
2025-12-11T00:48:10.214718,0.505,0.495,1.0
2025-12-11T00:48:10.834591,0.505,0.495,1.0
2025-12-11T00:48:11.435685,0.505,0.495,1.0
2025-12-11T00:48:12.042773,0.505,0.495,1.0
2025-12-11T00:48:12.645951,0.505,0.495,1.0
2025-12-11T00:48:13.254214,0.505,0.495,1.0
2025-12-11T00:48:13.868200,0.51,0.49,1.0
2025-12-11T00:48:14.484114,0.5,0.5,1.0
2025-12-11T00:48:15.094373,0.51,0.49,1.0
2025-12-11T00:48:15.710617,0.515,0.485,1.0
2025-12-11T00:48:16.323550,0.51,0.49,1.0
2025-12-11T00:48:16.953831,0.495,0.505,1.0
2025-12-11T00:48:17.566978,0.49,0.515,1.005
2025-12-11T00:48:18.188893,0.475,0.525,1.0
2025-12-11T00:48:18.808008,0.475,0.525,1.0
2025-12-11T00:48:19.424187,0.475,0.525,1.0
2025-12-11T00:48:18.575635,0.475,0.525,1.0
2025-12-11T00:48:19.179477,0.475,0.525,1.0
2025-12-11T00:48:19.780737,0.475,0.525,1.0
2025-12-11T00:48:20.387957,0.475,0.525,1.0
2025-12-11T00:48:20.997827,0.475,0.525,1.0
2025-12-11T00:48:21.604419,0.475,0.525,1.0
2025-12-11T00:48:22.204369,0.475,0.525,1.0
2025-12-11T00:48:22.806666,0.475,0.525,1.0
2025-12-11T00:48:23.412477,0.475,0.525,1.0
2025-12-11T00:48:24.029994,0.475,0.525,1.0
2025-12-11T00:48:24.641971,0.465,0.535,1.0
2025-12-11T00:48:25.245887,0.455,0.545,1.0
2025-12-11T00:48:25.894251,0.455,0.545,1.0
2025-12-11T00:48:26.502872,0.425,0.575,1.0
2025-12-11T00:48:27.116361,0.425,0.575,1.0
2025-12-11T00:48:27.738353,0.425,0.575,1.0
2025-12-11T00:48:28.357166,0.425,0.57,0.9949999999999999
2025-12-11T00:48:28.964769,0.425,0.575,1.0
2025-12-11T00:48:29.572876,0.415,0.585,1.0
2025-12-11T00:48:30.201354,0.42,0.58,1.0
2025-12-11T00:48:30.812322,0.42,0.58,1.0
2025-12-11T00:48:31.421782,0.415,0.585,1.0
2025-12-11T00:48:32.047773,0.42,0.58,1.0
2025-12-11T00:48:32.646987,0.435,0.565,1.0
2025-12-11T00:48:33.314526,0.43,0.57,1.0
2025-12-11T00:48:33.922073,0.425,0.575,1.0
2025-12-11T00:48:34.544371,0.42,0.585,1.005
2025-12-11T00:48:35.156991,0.415,0.585,1.0
2025-12-11T00:48:35.756540,0.415,0.585,1.0
2025-12-11T00:48:36.360046,0.42,0.58,1.0
2025-12-11T00:48:36.985795,0.42,0.58,1.0
2025-12-11T00:48:37.596484,0.415,0.585,1.0
2025-12-11T00:48:38.211849,0.405,0.595,1.0
2025-12-11T00:48:38.811838,0.405,0.595,1.0
2025-12-11T00:48:39.406829,0.405,0.595,1.0
2025-12-11T00:48:40.022567,0.395,0.605,1.0
2025-12-11T00:48:40.646761,0.395,0.605,1.0
2025-12-11T00:48:41.261204,0.395,0.605,1.0
2025-12-11T00:48:41.879707,0.395,0.605,1.0
2025-12-11T00:48:42.515725,0.395,0.605,1.0
2025-12-11T00:48:43.134272,0.395,0.605,1.0
2025-12-11T00:48:43.746183,0.395,0.605,1.0
2025-12-11T00:48:44.344026,0.385,0.615,1.0
2025-12-11T00:48:44.947075,0.385,0.615,1.0
2025-12-11T00:48:45.556267,0.39,0.61,1.0
2025-12-11T00:48:46.167013,0.385,0.615,1.0
2025-12-11T00:48:46.770806,0.38,0.62,1.0
2025-12-11T00:48:47.388570,0.375,0.625,1.0
2025-12-11T00:48:48.007326,0.385,0.615,1.0
2025-12-11T00:48:48.622823,0.365,0.635,1.0
2025-12-11T00:48:49.229530,0.365,0.635,1.0
2025-12-11T00:48:49.849300,0.355,0.645,1.0
2025-12-11T00:48:48.957580,0.355,0.645,1.0
2025-12-11T00:48:49.571595,0.355,0.645,1.0
2025-12-11T00:48:50.180614,0.355,0.645,1.0
2025-12-11T00:48:50.787165,0.355,0.645,1.0
2025-12-11T00:48:51.393199,0.355,0.645,1.0
2025-12-11T00:48:51.997394,0.355,0.645,1.0
2025-12-11T00:48:52.599409,0.35,0.645,0.995
2025-12-11T00:48:53.191642,0.355,0.645,1.0
2025-12-11T00:48:53.818694,0.35,0.65,1.0
2025-12-11T00:48:54.445312,0.355,0.645,1.0
2025-12-11T00:48:55.059220,0.355,0.645,1.0
2025-12-11T00:48:55.661650,0.365,0.635,1.0
2025-12-11T00:48:56.262282,0.385,0.615,1.0
2025-12-11T00:48:56.870926,0.415,0.59,1.005
2025-12-11T00:48:57.469121,0.415,0.585,1.0
2025-12-11T00:48:58.072358,0.41,0.59,1.0
2025-12-11T00:48:58.684339,0.42,0.58,1.0
2025-12-11T00:48:59.278591,0.425,0.575,1.0
2025-12-11T00:48:59.900111,0.425,0.575,1.0
2025-12-11T00:49:00.501799,0.425,0.575,1.0
2025-12-11T00:49:01.109641,0.425,0.575,1.0
2025-12-11T00:49:01.715518,0.43,0.57,1.0
2025-12-11T00:49:02.336036,0.435,0.565,1.0
2025-12-11T00:49:02.951155,0.435,0.565,1.0
2025-12-11T00:49:03.552389,0.435,0.565,1.0
2025-12-11T00:49:04.172678,0.435,0.565,1.0
2025-12-11T00:49:04.778608,0.435,0.565,1.0
2025-12-11T00:49:05.392881,0.435,0.565,1.0
2025-12-11T00:49:06.013667,0.425,0.575,1.0
2025-12-11T00:49:06.634715,0.425,0.575,1.0
2025-12-11T00:49:07.253079,0.425,0.575,1.0
2025-12-11T00:49:07.875104,0.425,0.575,1.0
2025-12-11T00:49:08.493655,0.42,0.58,1.0
2025-12-11T00:49:09.101640,0.42,0.58,1.0
2025-12-11T00:49:09.727062,0.43,0.565,0.9949999999999999
2025-12-11T00:49:10.337083,0.435,0.565,1.0
2025-12-11T00:49:10.966722,0.425,0.575,1.0
2025-12-11T00:49:11.580484,0.445,0.555,1.0
2025-12-11T00:49:12.175903,0.47,0.53,1.0
2025-12-11T00:49:12.782577,0.475,0.525,1.0
2025-12-11T00:49:13.387206,0.475,0.525,1.0
2025-12-11T00:49:14.000487,0.465,0.535,1.0
2025-12-11T00:49:14.619275,0.465,0.535,1.0
2025-12-11T00:49:15.215844,0.465,0.535,1.0
2025-12-11T00:49:15.820951,0.465,0.535,1.0
2025-12-11T00:49:16.421699,0.465,0.535,1.0
2025-12-11T00:49:17.048030,0.465,0.535,1.0
2025-12-11T00:49:17.659370,0.465,0.535,1.0
2025-12-11T00:49:18.262837,0.45,0.55,1.0
2025-12-11T00:49:18.861475,0.455,0.545,1.0
2025-12-11T00:49:19.464218,0.46,0.54,1.0
2025-12-11T00:49:20.070028,0.455,0.545,1.0
2025-12-11T00:49:20.678937,0.455,0.545,1.0
2025-12-11T00:49:19.756772,0.455,0.545,1.0
2025-12-11T00:49:20.362593,0.475,0.525,1.0
2025-12-11T00:49:20.965795,0.47,0.53,1.0
2025-12-11T00:49:21.570235,0.455,0.545,1.0
2025-12-11T00:49:22.190863,0.455,0.545,1.0
2025-12-11T00:49:22.804033,0.455,0.545,1.0
2025-12-11T00:49:23.415080,0.455,0.545,1.0
2025-12-11T00:49:24.026741,0.455,0.545,1.0
2025-12-11T00:49:24.624740,0.455,0.545,1.0
2025-12-11T00:49:25.244686,0.455,0.545,1.0
2025-12-11T00:49:25.865554,0.455,0.545,1.0
2025-12-11T00:49:26.464203,0.455,0.545,1.0
2025-12-11T00:49:27.073595,0.455,0.545,1.0
2025-12-11T00:49:27.670472,0.445,0.56,1.0050000000000001
2025-12-11T00:49:28.278580,0.44,0.56,1.0
2025-12-11T00:49:28.887412,0.435,0.565,1.0
2025-12-11T00:49:29.492296,0.44,0.555,0.9950000000000001
2025-12-11T00:49:30.102670,0.445,0.555,1.0
2025-12-11T00:49:30.715997,0.445,0.555,1.0
2025-12-11T00:49:31.319097,0.445,0.555,1.0
2025-12-11T00:49:31.919329,0.435,0.565,1.0
2025-12-11T00:49:32.523810,0.44,0.56,1.0
2025-12-11T00:49:33.136923,0.445,0.555,1.0
2025-12-11T00:49:33.753493,0.435,0.565,1.0
2025-12-11T00:49:34.361480,0.435,0.565,1.0
2025-12-11T00:49:34.969133,0.435,0.565,1.0
2025-12-11T00:49:35.581985,0.435,0.565,1.0
2025-12-11T00:49:36.194534,0.435,0.565,1.0
2025-12-11T00:49:36.812687,0.43,0.575,1.005
2025-12-11T00:49:37.437291,0.425,0.575,1.0
2025-12-11T00:49:38.035032,0.425,0.575,1.0
2025-12-11T00:49:38.637626,0.42,0.58,1.0
2025-12-11T00:49:39.245948,0.415,0.585,1.0
2025-12-11T00:49:39.854741,0.415,0.585,1.0
2025-12-11T00:49:40.532222,0.415,0.59,1.005
2025-12-11T00:49:41.132727,0.405,0.595,1.0
2025-12-11T00:49:41.752794,0.41,0.59,1.0
2025-12-11T00:49:42.361998,0.41,0.595,1.005
2025-12-11T00:49:42.968657,0.405,0.595,1.0
2025-12-11T00:49:43.577853,0.405,0.595,1.0
2025-12-11T00:49:44.177886,0.405,0.595,1.0
2025-12-11T00:49:44.777973,0.405,0.595,1.0
2025-12-11T00:49:45.386824,0.405,0.595,1.0
2025-12-11T00:49:45.995128,0.405,0.595,1.0
2025-12-11T00:49:46.606710,0.405,0.595,1.0
2025-12-11T00:49:47.225840,0.395,0.605,1.0
2025-12-11T00:49:47.821436,0.39,0.61,1.0
2025-12-11T00:49:48.424637,0.395,0.605,1.0
2025-12-11T00:49:49.039686,0.395,0.605,1.0
2025-12-11T00:49:49.652505,0.395,0.605,1.0
2025-12-11T00:49:50.265654,0.395,0.605,1.0
2025-12-11T00:49:50.873133,0.395,0.605,1.0
2025-12-11T00:49:51.474263,0.395,0.605,1.0
2025-12-11T00:49:50.614896,0.395,0.605,1.0
2025-12-11T00:49:51.232516,0.395,0.605,1.0
2025-12-11T00:49:51.857632,0.395,0.605,1.0
2025-12-11T00:49:52.463039,0.395,0.605,1.0
2025-12-11T00:49:53.060813,0.395,0.605,1.0
2025-12-11T00:49:53.669302,0.395,0.605,1.0
2025-12-11T00:49:54.272262,0.395,0.605,1.0
2025-12-11T00:49:54.880544,0.405,0.595,1.0
2025-12-11T00:49:55.485953,0.405,0.595,1.0
2025-12-11T00:49:56.084236,0.405,0.595,1.0
2025-12-11T00:49:56.679731,0.425,0.575,1.0
2025-12-11T00:49:57.283322,0.43,0.575,1.005
2025-12-11T00:49:57.889923,0.43,0.565,0.9949999999999999
2025-12-11T00:49:58.504349,0.425,0.575,1.0
2025-12-11T00:49:59.123632,0.425,0.575,1.0
2025-12-11T00:49:59.718976,0.415,0.585,1.0
2025-12-11T00:50:00.320712,0.415,0.585,1.0
2025-12-11T00:50:00.932004,0.415,0.585,1.0
2025-12-11T00:50:01.534340,0.41,0.59,1.0
2025-12-11T00:50:02.140362,0.405,0.595,1.0
2025-12-11T00:50:02.752599,0.405,0.595,1.0
2025-12-11T00:50:03.349192,0.405,0.595,1.0
2025-12-11T00:50:03.964631,0.405,0.595,1.0
2025-12-11T00:50:04.587705,0.405,0.59,0.995
2025-12-11T00:50:05.202192,0.415,0.585,1.0
2025-12-11T00:50:05.814252,0.415,0.585,1.0
2025-12-11T00:50:06.454748,0.415,0.585,1.0
2025-12-11T00:50:07.069477,0.405,0.595,1.0
2025-12-11T00:50:07.708583,0.405,0.595,1.0
2025-12-11T00:50:08.324589,0.405,0.595,1.0
2025-12-11T00:50:08.940441,0.405,0.595,1.0
2025-12-11T00:50:09.557496,0.405,0.595,1.0
2025-12-11T00:50:10.174324,0.395,0.605,1.0
2025-12-11T00:50:10.785392,0.395,0.61,1.005
2025-12-11T00:50:11.402639,0.39,0.61,1.0
2025-12-11T00:50:12.013380,0.39,0.61,1.0
2025-12-11T00:50:12.625314,0.39,0.61,1.0
2025-12-11T00:50:13.246120,0.39,0.61,1.0
2025-12-11T00:50:13.846661,0.385,0.615,1.0
2025-12-11T00:50:14.459853,0.385,0.615,1.0
2025-12-11T00:50:15.075164,0.39,0.61,1.0
2025-12-11T00:50:15.676967,0.39,0.61,1.0
2025-12-11T00:50:16.283169,0.39,0.61,1.0
2025-12-11T00:50:16.888946,0.39,0.61,1.0
2025-12-11T00:50:17.493607,0.375,0.625,1.0
2025-12-11T00:50:18.101486,0.375,0.625,1.0
2025-12-11T00:50:18.730273,0.375,0.625,1.0
2025-12-11T00:50:19.342238,0.375,0.625,1.0
2025-12-11T00:50:19.954789,0.375,0.625,1.0
2025-12-11T00:50:20.563053,0.37,0.635,1.005
2025-12-11T00:50:21.166034,0.365,0.635,1.0
2025-12-11T00:50:21.775513,0.365,0.635,1.0
2025-12-11T00:50:22.396674,0.36,0.64,1.0
2025-12-11T00:50:21.524751,0.36,0.64,1.0
2025-12-11T00:50:22.125714,0.355,0.645,1.0
2025-12-11T00:50:22.723778,0.355,0.645,1.0
2025-12-11T00:50:23.330956,0.355,0.645,1.0
2025-12-11T00:50:23.951481,0.355,0.645,1.0
2025-12-11T00:50:24.554246,0.355,0.645,1.0
2025-12-11T00:50:25.174732,0.355,0.645,1.0
2025-12-11T00:50:25.775231,0.355,0.645,1.0
2025-12-11T00:50:26.385593,0.355,0.645,1.0
2025-12-11T00:50:27.015989,0.355,0.645,1.0
2025-12-11T00:50:27.622459,0.355,0.635,0.99
2025-12-11T00:50:28.230096,0.36,0.64,1.0
2025-12-11T00:50:28.842730,0.36,0.64,1.0
2025-12-11T00:50:29.453171,0.36,0.64,1.0
2025-12-11T00:50:30.075268,0.36,0.64,1.0
2025-12-11T00:50:30.674014,0.365,0.635,1.0
2025-12-11T00:50:31.286535,0.365,0.635,1.0
2025-12-11T00:50:31.891185,0.365,0.635,1.0
2025-12-11T00:50:32.506199,0.365,0.635,1.0
2025-12-11T00:50:33.121444,0.365,0.635,1.0
2025-12-11T00:50:33.736480,0.365,0.635,1.0
2025-12-11T00:50:34.350083,0.365,0.635,1.0
2025-12-11T00:50:34.953236,0.365,0.635,1.0
2025-12-11T00:50:35.567731,0.365,0.635,1.0
2025-12-11T00:50:36.173653,0.365,0.635,1.0
2025-12-11T00:50:36.776794,0.365,0.635,1.0
2025-12-11T00:50:37.507172,0.375,0.625,1.0
2025-12-11T00:50:38.110652,0.375,0.625,1.0
2025-12-11T00:50:38.730171,0.375,0.625,1.0
2025-12-11T00:50:39.348677,0.365,0.635,1.0
2025-12-11T00:50:39.962159,0.375,0.625,1.0
2025-12-11T00:50:40.580736,0.375,0.625,1.0
2025-12-11T00:50:41.181232,0.375,0.625,1.0
2025-12-11T00:50:41.789066,0.375,0.625,1.0
2025-12-11T00:50:42.411372,0.375,0.625,1.0
2025-12-11T00:50:43.020527,0.365,0.635,1.0
2025-12-11T00:50:43.627107,0.365,0.635,1.0
2025-12-11T00:50:44.229548,0.375,0.625,1.0
2025-12-11T00:50:44.839061,0.375,0.625,1.0
2025-12-11T00:50:45.448561,0.375,0.625,1.0
2025-12-11T00:50:46.054514,0.375,0.625,1.0
2025-12-11T00:50:46.670352,0.405,0.595,1.0
2025-12-11T00:50:47.272913,0.405,0.595,1.0
2025-12-11T00:50:47.876582,0.405,0.595,1.0
2025-12-11T00:50:48.491903,0.405,0.595,1.0
2025-12-11T00:50:49.100832,0.405,0.595,1.0
2025-12-11T00:50:49.730399,0.405,0.595,1.0
2025-12-11T00:50:50.334417,0.405,0.595,1.0
2025-12-11T00:50:50.968698,0.415,0.585,1.0
2025-12-11T00:50:51.571027,0.415,0.585,1.0
2025-12-11T00:50:52.193088,0.415,0.585,1.0
2025-12-11T00:50:52.809858,0.415,0.585,1.0
2025-12-11T00:50:51.912615,0.415,0.585,1.0
2025-12-11T00:50:52.528409,0.425,0.575,1.0
2025-12-11T00:50:53.138233,0.42,0.58,1.0
2025-12-11T00:50:53.749904,0.435,0.56,0.9950000000000001
2025-12-11T00:50:54.359705,0.445,0.555,1.0
2025-12-11T00:50:54.971830,0.435,0.565,1.0
2025-12-11T00:50:55.579924,0.435,0.565,1.0
2025-12-11T00:50:56.194896,0.44,0.56,1.0
2025-12-11T00:50:56.806326,0.435,0.56,0.9950000000000001
2025-12-11T00:50:57.422692,0.43,0.57,1.0
2025-12-11T00:50:58.037093,0.435,0.565,1.0
2025-12-11T00:50:58.658512,0.43,0.57,1.0
2025-12-11T00:50:59.258868,0.435,0.565,1.0
2025-12-11T00:50:59.860635,0.44,0.56,1.0
2025-12-11T00:51:00.462373,0.435,0.565,1.0
2025-12-11T00:51:01.071513,0.435,0.565,1.0
2025-12-11T00:51:01.683614,0.435,0.565,1.0
2025-12-11T00:51:02.292869,0.445,0.555,1.0
2025-12-11T00:51:02.904540,0.445,0.555,1.0
2025-12-11T00:51:03.499305,0.455,0.54,0.9950000000000001
2025-12-11T00:51:04.098974,0.525,0.475,1.0
2025-12-11T00:51:04.721307,0.495,0.505,1.0
2025-12-11T00:51:05.390847,0.475,0.525,1.0
2025-12-11T00:51:06.015939,0.475,0.525,1.0
2025-12-11T00:51:06.615223,0.465,0.535,1.0
2025-12-11T00:51:07.221019,0.465,0.535,1.0
2025-12-11T00:51:07.832156,0.465,0.535,1.0
2025-12-11T00:51:08.457004,0.475,0.53,1.005
2025-12-11T00:51:09.086032,0.475,0.525,1.0
2025-12-11T00:51:09.689776,0.485,0.52,1.005
2025-12-11T00:51:10.293146,0.485,0.515,1.0
2025-12-11T00:51:10.896640,0.49,0.51,1.0
2025-12-11T00:51:11.508712,0.485,0.515,1.0
2025-12-11T00:51:12.129908,0.485,0.515,1.0
2025-12-11T00:51:12.748287,0.485,0.515,1.0
2025-12-11T00:51:13.353433,0.485,0.515,1.0
2025-12-11T00:51:13.967856,0.485,0.515,1.0
2025-12-11T00:51:14.584610,0.485,0.515,1.0
2025-12-11T00:51:15.206160,0.505,0.495,1.0
2025-12-11T00:51:15.834921,0.52,0.475,0.995
2025-12-11T00:51:16.453963,0.52,0.48,1.0
2025-12-11T00:51:17.063319,0.52,0.48,1.0
2025-12-11T00:51:17.678484,0.52,0.48,1.0
2025-12-11T00:51:18.304295,0.535,0.465,1.0
2025-12-11T00:51:18.920196,0.525,0.475,1.0
2025-12-11T00:51:19.537962,0.525,0.475,1.0
2025-12-11T00:51:20.160696,0.545,0.455,1.0
2025-12-11T00:51:20.776254,0.565,0.435,1.0
2025-12-11T00:51:21.390019,0.565,0.435,1.0
2025-12-11T00:51:22.003458,0.565,0.435,1.0
2025-12-11T00:51:22.621646,0.555,0.445,1.0
2025-12-11T00:51:23.214433,0.57,0.43,1.0
2025-12-11T00:51:23.822920,0.565,0.435,1.0
2025-12-11T00:51:22.900227,0.565,0.435,1.0
2025-12-11T00:51:23.509525,0.555,0.445,1.0
2025-12-11T00:51:24.120307,0.555,0.445,1.0
2025-12-11T00:51:24.725972,0.555,0.445,1.0
2025-12-11T00:51:25.352596,0.555,0.445,1.0
2025-12-11T00:51:25.950325,0.555,0.445,1.0
2025-12-11T00:51:26.564381,0.565,0.435,1.0
2025-12-11T00:51:27.170545,0.56,0.44,1.0
2025-12-11T00:51:27.771454,0.56,0.44,1.0
2025-12-11T00:51:28.374402,0.56,0.44,1.0
2025-12-11T00:51:28.971823,0.545,0.455,1.0
2025-12-11T00:51:29.588527,0.555,0.445,1.0
2025-12-11T00:51:30.192256,0.555,0.445,1.0
2025-12-11T00:51:30.794460,0.545,0.455,1.0
2025-12-11T00:51:31.396141,0.545,0.455,1.0
2025-12-11T00:51:31.999938,0.575,0.425,1.0
2025-12-11T00:51:32.608594,0.565,0.435,1.0
2025-12-11T00:51:33.204479,0.585,0.415,1.0
2025-12-11T00:51:33.814105,0.57,0.425,0.9949999999999999
2025-12-11T00:51:34.424848,0.595,0.405,1.0
2025-12-11T00:51:35.033158,0.625,0.375,1.0
2025-12-11T00:51:35.638876,0.625,0.38,1.005
2025-12-11T00:51:36.239988,0.595,0.405,1.0
2025-12-11T00:51:36.853762,0.635,0.365,1.0
2025-12-11T00:51:37.460204,0.655,0.35,1.005
2025-12-11T00:51:38.073862,0.655,0.345,1.0
2025-12-11T00:51:38.681113,0.67,0.33,1.0
2025-12-11T00:51:39.293292,0.67,0.335,1.0050000000000001
2025-12-11T00:51:39.907687,0.67,0.33,1.0
2025-12-11T00:51:40.514324,0.695,0.305,1.0
2025-12-11T00:51:41.123146,0.695,0.305,1.0
2025-12-11T00:51:41.734330,0.705,0.295,1.0
2025-12-11T00:51:42.346447,0.695,0.3,0.9949999999999999
2025-12-11T00:51:42.969493,0.715,0.285,1.0
2025-12-11T00:51:43.573252,0.715,0.285,1.0
2025-12-11T00:51:44.190355,0.705,0.295,1.0
2025-12-11T00:51:44.798103,0.685,0.315,1.0
2025-12-11T00:51:45.424713,0.68,0.32,1.0
2025-12-11T00:51:46.039857,0.675,0.325,1.0
2025-12-11T00:51:46.642505,0.67,0.33,1.0
2025-12-11T00:51:47.254242,0.675,0.325,1.0
2025-12-11T00:51:47.885945,0.675,0.325,1.0
2025-12-11T00:51:48.509238,0.675,0.325,1.0
2025-12-11T00:51:49.109872,0.675,0.325,1.0
2025-12-11T00:51:49.724260,0.68,0.32,1.0
2025-12-11T00:51:50.336630,0.695,0.305,1.0
2025-12-11T00:51:50.945973,0.695,0.305,1.0
2025-12-11T00:51:51.547670,0.685,0.315,1.0
2025-12-11T00:51:52.160459,0.675,0.325,1.0
2025-12-11T00:51:52.777724,0.68,0.32,1.0
2025-12-11T00:51:53.389948,0.68,0.32,1.0
2025-12-11T00:51:53.989148,0.675,0.325,1.0
2025-12-11T00:51:54.618706,0.675,0.325,1.0
2025-12-11T00:51:53.745859,0.67,0.315,0.9850000000000001
2025-12-11T00:51:54.367029,0.675,0.325,1.0
2025-12-11T00:51:54.979746,0.68,0.32,1.0
2025-12-11T00:51:55.580637,0.695,0.305,1.0
2025-12-11T00:51:56.190836,0.69,0.31,1.0
2025-12-11T00:51:56.798679,0.69,0.315,1.005
2025-12-11T00:51:57.415468,0.685,0.315,1.0
2025-12-11T00:51:58.017502,0.685,0.315,1.0
2025-12-11T00:51:58.614960,0.685,0.315,1.0
2025-12-11T00:51:59.225542,0.69,0.31,1.0
2025-12-11T00:51:59.827884,0.69,0.31,1.0
2025-12-11T00:52:00.671551,0.705,0.295,1.0
2025-12-11T00:52:01.307609,0.7,0.3,1.0
2025-12-11T00:52:01.903874,0.715,0.285,1.0
2025-12-11T00:52:02.515979,0.695,0.305,1.0
2025-12-11T00:52:03.119931,0.725,0.275,1.0
2025-12-11T00:52:03.733225,0.7,0.3,1.0
2025-12-11T00:52:04.350083,0.7,0.3,1.0
2025-12-11T00:52:04.996636,0.71,0.295,1.005
2025-12-11T00:52:05.612076,0.705,0.295,1.0
2025-12-11T00:52:06.223761,0.705,0.295,1.0
2025-12-11T00:52:06.830492,0.71,0.29,1.0
2025-12-11T00:52:07.442953,0.71,0.29,1.0
2025-12-11T00:52:08.059559,0.705,0.295,1.0
2025-12-11T00:52:08.659231,0.705,0.295,1.0
2025-12-11T00:52:09.278486,0.71,0.29,1.0
2025-12-11T00:52:09.891619,0.71,0.29,1.0
2025-12-11T00:52:10.499929,0.675,0.325,1.0
2025-12-11T00:52:11.113967,0.655,0.345,1.0
2025-12-11T00:52:11.721516,0.685,0.315,1.0
2025-12-11T00:52:12.337007,0.67,0.33,1.0
2025-12-11T00:52:12.948936,0.67,0.33,1.0
2025-12-11T00:52:13.567652,0.67,0.33,1.0
2025-12-11T00:52:14.190922,0.675,0.325,1.0
2025-12-11T00:52:14.807718,0.67,0.33,1.0
2025-12-11T00:52:15.417129,0.65,0.35,1.0
2025-12-11T00:52:16.034720,0.645,0.355,1.0
2025-12-11T00:52:16.643946,0.625,0.375,1.0
2025-12-11T00:52:17.257855,0.615,0.385,1.0
2025-12-11T00:52:17.873968,0.605,0.395,1.0
2025-12-11T00:52:18.470070,0.585,0.405,0.99
2025-12-11T00:52:19.075166,0.59,0.405,0.995
2025-12-11T00:52:19.682486,0.59,0.41,1.0
2025-12-11T00:52:20.302089,0.59,0.41,1.0
2025-12-11T00:52:20.908538,0.59,0.41,1.0
2025-12-11T00:52:21.512175,0.595,0.405,1.0
2025-12-11T00:52:22.128679,0.595,0.405,1.0
2025-12-11T00:52:22.725926,0.61,0.395,1.005
2025-12-11T00:52:23.345773,0.585,0.415,1.0
2025-12-11T00:52:23.947043,0.595,0.405,1.0
2025-12-11T00:52:24.557615,0.59,0.41,1.0
2025-12-11T00:52:25.161402,0.595,0.405,1.0
2025-12-11T00:52:24.280578,0.59,0.41,1.0
2025-12-11T00:52:24.889700,0.615,0.385,1.0
2025-12-11T00:52:25.490212,0.62,0.38,1.0
2025-12-11T00:52:26.089876,0.63,0.37,1.0
2025-12-11T00:52:26.700912,0.635,0.365,1.0
2025-12-11T00:52:27.301918,0.63,0.37,1.0
2025-12-11T00:52:27.928313,0.635,0.365,1.0
2025-12-11T00:52:28.539736,0.625,0.375,1.0
2025-12-11T00:52:29.149927,0.63,0.37,1.0
2025-12-11T00:52:29.757920,0.63,0.37,1.0
2025-12-11T00:52:30.368140,0.63,0.37,1.0
2025-12-11T00:52:30.979366,0.635,0.365,1.0
2025-12-11T00:52:31.578361,0.63,0.37,1.0
2025-12-11T00:52:32.185799,0.63,0.37,1.0
2025-12-11T00:52:32.790548,0.63,0.365,0.995
2025-12-11T00:52:33.397298,0.63,0.37,1.0
2025-12-11T00:52:34.010032,0.635,0.365,1.0
2025-12-11T00:52:34.618413,0.635,0.365,1.0
2025-12-11T00:52:35.234758,0.64,0.36,1.0
2025-12-11T00:52:35.835259,0.635,0.365,1.0
2025-12-11T00:52:36.436712,0.635,0.365,1.0
2025-12-11T00:52:37.035445,0.645,0.355,1.0
2025-12-11T00:52:37.637264,0.655,0.345,1.0
2025-12-11T00:52:38.236022,0.655,0.345,1.0
2025-12-11T00:52:38.855431,0.65,0.355,1.005
2025-12-11T00:52:39.495755,0.645,0.355,1.0
2025-12-11T00:52:40.113548,0.635,0.365,1.0
2025-12-11T00:52:40.724135,0.625,0.375,1.0
2025-12-11T00:52:41.342480,0.615,0.385,1.0
2025-12-11T00:52:41.981875,0.625,0.375,1.0
2025-12-11T00:52:42.593854,0.625,0.375,1.0
2025-12-11T00:52:43.206092,0.62,0.38,1.0
2025-12-11T00:52:43.815612,0.625,0.375,1.0
2025-12-11T00:52:44.429498,0.625,0.375,1.0
2025-12-11T00:52:45.049629,0.625,0.375,1.0
2025-12-11T00:52:45.649002,0.625,0.375,1.0
2025-12-11T00:52:46.255160,0.625,0.375,1.0
2025-12-11T00:52:46.874711,0.635,0.365,1.0
2025-12-11T00:52:47.489745,0.625,0.375,1.0
2025-12-11T00:52:48.101392,0.625,0.375,1.0
2025-12-11T00:52:48.702290,0.625,0.365,0.99
2025-12-11T00:52:49.318149,0.635,0.365,1.0
2025-12-11T00:52:49.919162,0.635,0.365,1.0
2025-12-11T00:52:50.524600,0.635,0.365,1.0
2025-12-11T00:52:51.136489,0.635,0.365,1.0
2025-12-11T00:52:51.748548,0.635,0.365,1.0
2025-12-11T00:52:52.351296,0.635,0.365,1.0
2025-12-11T00:52:52.967711,0.635,0.365,1.0
2025-12-11T00:52:53.584181,0.635,0.365,1.0
2025-12-11T00:52:54.193312,0.635,0.365,1.0
2025-12-11T00:52:54.806575,0.635,0.365,1.0
2025-12-11T00:52:55.418281,0.635,0.365,1.0
2025-12-11T00:52:56.036815,0.635,0.365,1.0
2025-12-11T00:52:55.152968,0.635,0.365,1.0
2025-12-11T00:52:55.752278,0.63,0.37,1.0
2025-12-11T00:52:56.367211,0.625,0.375,1.0
2025-12-11T00:52:56.972701,0.615,0.385,1.0
2025-12-11T00:52:57.587631,0.6,0.4,1.0
2025-12-11T00:52:58.197135,0.6,0.4,1.0
2025-12-11T00:52:58.791718,0.6,0.4,1.0
2025-12-11T00:52:59.395263,0.6,0.4,1.0
2025-12-11T00:53:00.008009,0.6,0.405,1.005
2025-12-11T00:53:00.617279,0.595,0.405,1.0
2025-12-11T00:53:01.216507,0.585,0.415,1.0
2025-12-11T00:53:01.819267,0.585,0.415,1.0
2025-12-11T00:53:02.431617,0.585,0.415,1.0
2025-12-11T00:53:03.031685,0.575,0.425,1.0
2025-12-11T00:53:03.647232,0.575,0.425,1.0
2025-12-11T00:53:04.258920,0.575,0.425,1.0
2025-12-11T00:53:04.864003,0.575,0.425,1.0
2025-12-11T00:53:05.479469,0.575,0.425,1.0
2025-12-11T00:53:06.095535,0.565,0.435,1.0
2025-12-11T00:53:06.707780,0.575,0.425,1.0
2025-12-11T00:53:07.313498,0.575,0.425,1.0
2025-12-11T00:53:07.915868,0.575,0.43,1.005
2025-12-11T00:53:08.525609,0.535,0.47,1.005
2025-12-11T00:53:09.196136,0.515,0.485,1.0
2025-12-11T00:53:09.807398,0.505,0.495,1.0
2025-12-11T00:53:10.436320,0.505,0.495,1.0
2025-12-11T00:53:11.048418,0.5,0.505,1.005
2025-12-11T00:53:11.666134,0.515,0.49,1.005
2025-12-11T00:53:12.285407,0.505,0.495,1.0
2025-12-11T00:53:12.899523,0.505,0.495,1.0
2025-12-11T00:53:13.513121,0.505,0.495,1.0
2025-12-11T00:53:14.128488,0.51,0.49,1.0
2025-12-11T00:53:14.757587,0.515,0.485,1.0
2025-12-11T00:53:15.364810,0.505,0.495,1.0
2025-12-11T00:53:15.976853,0.505,0.495,1.0
2025-12-11T00:53:16.596343,0.505,0.495,1.0
2025-12-11T00:53:17.197670,0.5,0.5,1.0
2025-12-11T00:53:17.811810,0.495,0.505,1.0
2025-12-11T00:53:18.435579,0.505,0.495,1.0
2025-12-11T00:53:19.038099,0.495,0.505,1.0
2025-12-11T00:53:19.731787,0.495,0.505,1.0
2025-12-11T00:53:20.347097,0.495,0.505,1.0
2025-12-11T00:53:20.970391,0.505,0.505,1.01
2025-12-11T00:53:21.585080,0.505,0.495,1.0
2025-12-11T00:53:22.188046,0.505,0.495,1.0
2025-12-11T00:53:22.807850,0.505,0.495,1.0
2025-12-11T00:53:23.425009,0.505,0.495,1.0
2025-12-11T00:53:24.045787,0.495,0.505,1.0
2025-12-11T00:53:24.657112,0.495,0.505,1.0
2025-12-11T00:53:25.270560,0.49,0.515,1.005
2025-12-11T00:53:25.881459,0.49,0.51,1.0
2025-12-11T00:53:26.503306,0.485,0.515,1.0
2025-12-11T00:53:25.569465,0.485,0.515,1.0
2025-12-11T00:53:26.180365,0.48,0.525,1.005
2025-12-11T00:53:26.790488,0.485,0.515,1.0
2025-12-11T00:53:27.401569,0.475,0.525,1.0
2025-12-11T00:53:28.007900,0.485,0.525,1.01
2025-12-11T00:53:28.623113,0.475,0.525,1.0
2025-12-11T00:53:29.241070,0.475,0.525,1.0
2025-12-11T00:53:29.892801,0.455,0.545,1.0
2025-12-11T00:53:30.548413,0.435,0.565,1.0
2025-12-11T00:53:31.151585,0.435,0.565,1.0
2025-12-11T00:53:31.762394,0.435,0.565,1.0
2025-12-11T00:53:32.372988,0.445,0.555,1.0
2025-12-11T00:53:32.976340,0.445,0.555,1.0
2025-12-11T00:53:33.591015,0.445,0.555,1.0
2025-12-11T00:53:34.209641,0.445,0.555,1.0
2025-12-11T00:53:34.823142,0.45,0.55,1.0
2025-12-11T00:53:35.435840,0.465,0.535,1.0
2025-12-11T00:53:36.045070,0.475,0.525,1.0
2025-12-11T00:53:36.661217,0.475,0.525,1.0
2025-12-11T00:53:37.274492,0.475,0.525,1.0
2025-12-11T00:53:37.885257,0.47,0.53,1.0
2025-12-11T00:53:38.508979,0.475,0.525,1.0
2025-12-11T00:53:39.123223,0.475,0.525,1.0
2025-12-11T00:53:39.736311,0.475,0.525,1.0
2025-12-11T00:53:40.352757,0.475,0.525,1.0
2025-12-11T00:53:40.985854,0.475,0.525,1.0
2025-12-11T00:53:41.612277,0.485,0.515,1.0
2025-12-11T00:53:42.228013,0.485,0.515,1.0
2025-12-11T00:53:42.845578,0.48,0.52,1.0
2025-12-11T00:53:43.444263,0.475,0.525,1.0
2025-12-11T00:53:44.063838,0.46,0.54,1.0
2025-12-11T00:53:44.682220,0.45,0.55,1.0
2025-12-11T00:53:45.281099,0.445,0.555,1.0
2025-12-11T00:53:45.891489,0.445,0.555,1.0
2025-12-11T00:53:46.506371,0.455,0.535,0.99
2025-12-11T00:53:47.103360,0.465,0.535,1.0
2025-12-11T00:53:47.718578,0.445,0.555,1.0
2025-12-11T00:53:48.334525,0.455,0.545,1.0
2025-12-11T00:53:48.943689,0.445,0.555,1.0
2025-12-11T00:53:49.559348,0.45,0.55,1.0
2025-12-11T00:53:50.178011,0.435,0.565,1.0
2025-12-11T00:53:50.783554,0.41,0.59,1.0
2025-12-11T00:53:51.417710,0.405,0.595,1.0
2025-12-11T00:53:52.040781,0.41,0.59,1.0
2025-12-11T00:53:52.661931,0.415,0.585,1.0
2025-12-11T00:53:53.276930,0.415,0.585,1.0
2025-12-11T00:53:53.877991,0.41,0.595,1.005
2025-12-11T00:53:54.494048,0.405,0.595,1.0
2025-12-11T00:53:55.100508,0.415,0.585,1.0
2025-12-11T00:53:55.707837,0.42,0.58,1.0
2025-12-11T00:53:56.325272,0.425,0.575,1.0
2025-12-11T00:53:56.941623,0.415,0.585,1.0
2025-12-11T00:53:57.559384,0.415,0.585,1.0
2025-12-11T00:53:56.682827,0.415,0.585,1.0
2025-12-11T00:53:57.301873,0.415,0.585,1.0
2025-12-11T00:53:57.907376,0.41,0.585,0.9949999999999999
2025-12-11T00:53:58.515690,0.41,0.59,1.0
2025-12-11T00:53:59.115846,0.41,0.59,1.0
2025-12-11T00:53:59.733039,0.41,0.59,1.0
2025-12-11T00:54:00.345567,0.405,0.595,1.0
2025-12-11T00:54:00.948498,0.405,0.595,1.0
2025-12-11T00:54:01.552003,0.405,0.595,1.0
2025-12-11T00:54:02.166395,0.395,0.605,1.0
2025-12-11T00:54:02.770265,0.4,0.6,1.0
2025-12-11T00:54:03.384245,0.395,0.605,1.0
2025-12-11T00:54:04.008751,0.395,0.605,1.0
2025-12-11T00:54:04.621379,0.395,0.605,1.0
2025-12-11T00:54:05.238677,0.39,0.61,1.0
2025-12-11T00:54:05.855667,0.39,0.61,1.0
2025-12-11T00:54:06.466787,0.395,0.605,1.0
2025-12-11T00:54:07.093408,0.395,0.605,1.0
2025-12-11T00:54:07.710691,0.395,0.605,1.0
2025-12-11T00:54:08.314962,0.405,0.595,1.0
2025-12-11T00:54:08.928866,0.4,0.6,1.0
2025-12-11T00:54:09.544566,0.4,0.6,1.0
2025-12-11T00:54:10.152378,0.405,0.595,1.0
2025-12-11T00:54:10.765197,0.405,0.595,1.0
2025-12-11T00:54:11.379647,0.405,0.595,1.0
2025-12-11T00:54:12.003019,0.41,0.59,1.0
2025-12-11T00:54:12.617320,0.42,0.58,1.0
2025-12-11T00:54:13.253329,0.415,0.585,1.0
2025-12-11T00:54:13.878677,0.415,0.585,1.0
2025-12-11T00:54:14.493907,0.415,0.585,1.0
2025-12-11T00:54:15.115469,0.415,0.59,1.005
2025-12-11T00:54:15.735099,0.41,0.59,1.0
2025-12-11T00:54:16.350075,0.405,0.595,1.0
2025-12-11T00:54:16.959046,0.46,0.54,1.0
2025-12-11T00:54:17.568621,0.465,0.535,1.0
2025-12-11T00:54:18.179137,0.45,0.55,1.0
2025-12-11T00:54:18.786589,0.46,0.54,1.0
2025-12-11T00:54:19.394405,0.465,0.535,1.0
2025-12-11T00:54:19.991665,0.455,0.545,1.0
2025-12-11T00:54:20.597188,0.445,0.555,1.0
2025-12-11T00:54:21.213921,0.45,0.55,1.0
2025-12-11T00:54:21.817728,0.455,0.545,1.0
2025-12-11T00:54:22.424895,0.455,0.545,1.0
2025-12-11T00:54:23.033701,0.455,0.545,1.0
2025-12-11T00:54:23.633907,0.45,0.55,1.0
2025-12-11T00:54:24.240182,0.445,0.555,1.0
2025-12-11T00:54:24.847207,0.445,0.555,1.0
2025-12-11T00:54:25.451233,0.445,0.555,1.0
2025-12-11T00:54:26.056942,0.435,0.565,1.0
2025-12-11T00:54:26.668623,0.4,0.6,1.0
2025-12-11T00:54:27.279090,0.395,0.605,1.0
2025-12-11T00:54:27.891379,0.405,0.595,1.0
2025-12-11T00:54:26.999019,0.405,0.595,1.0
2025-12-11T00:54:27.595596,0.41,0.595,1.005
2025-12-11T00:54:28.201507,0.405,0.595,1.0
2025-12-11T00:54:28.806355,0.435,0.565,1.0
2025-12-11T00:54:29.411799,0.485,0.515,1.0
2025-12-11T00:54:30.020491,0.505,0.495,1.0
2025-12-11T00:54:30.636432,0.505,0.495,1.0
2025-12-11T00:54:31.245066,0.505,0.495,1.0
2025-12-11T00:54:31.875252,0.515,0.485,1.0
2025-12-11T00:54:32.487447,0.515,0.485,1.0
2025-12-11T00:54:33.098914,0.515,0.485,1.0
2025-12-11T00:54:33.710044,0.515,0.485,1.0
2025-12-11T00:54:34.330685,0.52,0.48,1.0
2025-12-11T00:54:34.941425,0.515,0.485,1.0
2025-12-11T00:54:35.553225,0.515,0.485,1.0
2025-12-11T00:54:36.185997,0.51,0.49,1.0
2025-12-11T00:54:36.795533,0.505,0.495,1.0
2025-12-11T00:54:37.412963,0.51,0.485,0.995
2025-12-11T00:54:38.024566,0.555,0.435,0.99
2025-12-11T00:54:38.644887,0.56,0.44,1.0
2025-12-11T00:54:39.255368,0.55,0.455,1.0050000000000001
2025-12-11T00:54:39.880805,0.545,0.455,1.0
2025-12-11T00:54:40.496099,0.56,0.445,1.0050000000000001
2025-12-11T00:54:41.110876,0.565,0.435,1.0
2025-12-11T00:54:41.704924,0.555,0.445,1.0
2025-12-11T00:54:42.304950,0.55,0.45,1.0
2025-12-11T00:54:42.906037,0.555,0.445,1.0
2025-12-11T00:54:43.523385,0.555,0.44,0.9950000000000001
2025-12-11T00:54:44.130945,0.555,0.445,1.0
2025-12-11T00:54:44.733360,0.545,0.455,1.0
2025-12-11T00:54:45.333190,0.535,0.465,1.0
2025-12-11T00:54:45.940087,0.54,0.46,1.0
2025-12-11T00:54:46.548346,0.555,0.455,1.01
2025-12-11T00:54:47.154765,0.535,0.465,1.0
2025-12-11T00:54:47.756943,0.54,0.46,1.0
2025-12-11T00:54:48.362428,0.54,0.46,1.0
2025-12-11T00:54:48.966498,0.535,0.465,1.0
2025-12-11T00:54:49.570310,0.54,0.465,1.0050000000000001
2025-12-11T00:54:50.168637,0.52,0.48,1.0
2025-12-11T00:54:50.764755,0.525,0.445,0.97
2025-12-11T00:54:51.375092,0.545,0.455,1.0
2025-12-11T00:54:51.986445,0.535,0.465,1.0
2025-12-11T00:54:52.592058,0.53,0.47,1.0
2025-12-11T00:54:53.207947,0.53,0.47,1.0
2025-12-11T00:54:53.810550,0.53,0.47,1.0
2025-12-11T00:54:54.406005,0.52,0.48,1.0
2025-12-11T00:54:55.015147,0.525,0.475,1.0
2025-12-11T00:54:55.635401,0.515,0.485,1.0
2025-12-11T00:54:56.246085,0.505,0.495,1.0
2025-12-11T00:54:56.848776,0.485,0.515,1.0
2025-12-11T00:54:57.444394,0.475,0.525,1.0
2025-12-11T00:54:58.059108,0.475,0.505,0.98
2025-12-11T00:54:58.674850,0.495,0.505,1.0
2025-12-11T00:54:57.767351,0.475,0.525,1.0
2025-12-11T00:54:58.377784,0.48,0.52,1.0
2025-12-11T00:54:58.982867,0.475,0.525,1.0
2025-12-11T00:54:59.580716,0.49,0.51,1.0
2025-12-11T00:55:00.185833,0.505,0.495,1.0
2025-12-11T00:55:00.808634,0.485,0.515,1.0
2025-12-11T00:55:01.430018,0.48,0.52,1.0
2025-12-11T00:55:02.028616,0.48,0.52,1.0
2025-12-11T00:55:02.642455,0.485,0.515,1.0
2025-12-11T00:55:03.261097,0.535,0.465,1.0
2025-12-11T00:55:03.860933,0.545,0.455,1.0
2025-12-11T00:55:04.464108,0.565,0.435,1.0
2025-12-11T00:55:05.063885,0.545,0.455,1.0
2025-12-11T00:55:05.704576,0.535,0.465,1.0
2025-12-11T00:55:06.315453,0.525,0.47,0.995
2025-12-11T00:55:06.921715,0.535,0.465,1.0
2025-12-11T00:55:07.525193,0.53,0.47,1.0
2025-12-11T00:55:08.120881,0.53,0.47,1.0
2025-12-11T00:55:08.730506,0.535,0.465,1.0
2025-12-11T00:55:09.334456,0.525,0.475,1.0
2025-12-11T00:55:09.941606,0.48,0.52,1.0
2025-12-11T00:55:10.540457,0.465,0.545,1.01
2025-12-11T00:55:11.136495,0.445,0.555,1.0
2025-12-11T00:55:11.742722,0.435,0.565,1.0
2025-12-11T00:55:12.350598,0.435,0.565,1.0
2025-12-11T00:55:12.960387,0.435,0.565,1.0
2025-12-11T00:55:13.568480,0.425,0.575,1.0
2025-12-11T00:55:14.174396,0.425,0.575,1.0
2025-12-11T00:55:14.781595,0.425,0.575,1.0
2025-12-11T00:55:15.392363,0.415,0.585,1.0
2025-12-11T00:55:15.992184,0.405,0.595,1.0
2025-12-11T00:55:16.590348,0.405,0.605,1.01
2025-12-11T00:55:17.193058,0.395,0.605,1.0
2025-12-11T00:55:17.800586,0.4,0.605,1.005
2025-12-11T00:55:18.410715,0.395,0.605,1.0
2025-12-11T00:55:19.016880,0.395,0.605,1.0
2025-12-11T00:55:19.624401,0.4,0.605,1.005
2025-12-11T00:55:20.228674,0.385,0.615,1.0
2025-12-11T00:55:20.831194,0.38,0.62,1.0
2025-12-11T00:55:21.455022,0.385,0.615,1.0
2025-12-11T00:55:22.048783,0.375,0.625,1.0
2025-12-11T00:55:22.662728,0.375,0.625,1.0
2025-12-11T00:55:23.265717,0.365,0.635,1.0
2025-12-11T00:55:23.869271,0.365,0.635,1.0
2025-12-11T00:55:24.479952,0.365,0.635,1.0
2025-12-11T00:55:25.074944,0.365,0.635,1.0
2025-12-11T00:55:25.684905,0.365,0.635,1.0
2025-12-11T00:55:26.289642,0.365,0.635,1.0
2025-12-11T00:55:26.894662,0.365,0.635,1.0
2025-12-11T00:55:27.506395,0.365,0.635,1.0
2025-12-11T00:55:28.114697,0.37,0.63,1.0
2025-12-11T00:55:28.726887,0.37,0.63,1.0
2025-12-11T00:55:29.324251,0.375,0.625,1.0
2025-12-11T00:55:29.923582,0.385,0.615,1.0
2025-12-11T00:55:28.991051,0.385,0.615,1.0
2025-12-11T00:55:29.584299,0.37,0.63,1.0
2025-12-11T00:55:30.197723,0.38,0.62,1.0
2025-12-11T00:55:30.790913,0.375,0.625,1.0
2025-12-11T00:55:31.390777,0.355,0.645,1.0
2025-12-11T00:55:31.993371,0.355,0.635,0.99
2025-12-11T00:55:32.608464,0.365,0.635,1.0
2025-12-11T00:55:33.225646,0.365,0.635,1.0
2025-12-11T00:55:33.822234,0.37,0.63,1.0
2025-12-11T00:55:34.427386,0.365,0.635,1.0
2025-12-11T00:55:35.040378,0.36,0.64,1.0
2025-12-11T00:55:35.637432,0.36,0.64,1.0
2025-12-11T00:55:36.247475,0.365,0.635,1.0
2025-12-11T00:55:36.852480,0.355,0.645,1.0
2025-12-11T00:55:37.474752,0.355,0.645,1.0
2025-12-11T00:55:38.078858,0.355,0.645,1.0
2025-12-11T00:55:38.684916,0.355,0.645,1.0
2025-12-11T00:55:39.294541,0.355,0.645,1.0
2025-12-11T00:55:39.910707,0.355,0.645,1.0
2025-12-11T00:55:40.516673,0.355,0.645,1.0
2025-12-11T00:55:41.132304,0.355,0.645,1.0
2025-12-11T00:55:41.732153,0.355,0.645,1.0
2025-12-11T00:55:42.338574,0.355,0.645,1.0
2025-12-11T00:55:42.945845,0.315,0.685,1.0
2025-12-11T00:55:43.545649,0.335,0.665,1.0
2025-12-11T00:55:44.175496,0.345,0.65,0.995
2025-12-11T00:55:44.774418,0.355,0.645,1.0
2025-12-11T00:55:45.375527,0.35,0.65,1.0
2025-12-11T00:55:45.984728,0.345,0.655,1.0
2025-12-11T00:55:46.596229,0.345,0.655,1.0
2025-12-11T00:55:47.209045,0.34,0.66,1.0
2025-12-11T00:55:47.824085,0.34,0.66,1.0
2025-12-11T00:55:48.427664,0.34,0.66,1.0
2025-12-11T00:55:49.031702,0.34,0.66,1.0
2025-12-11T00:55:49.629625,0.34,0.66,1.0
2025-12-11T00:55:50.250307,0.345,0.655,1.0
2025-12-11T00:55:50.850934,0.335,0.665,1.0
2025-12-11T00:55:51.449721,0.335,0.665,1.0
2025-12-11T00:55:52.054879,0.335,0.665,1.0
2025-12-11T00:55:52.647840,0.335,0.665,1.0
2025-12-11T00:55:53.247952,0.335,0.665,1.0
2025-12-11T00:55:53.880831,0.335,0.665,1.0
2025-12-11T00:55:54.491326,0.335,0.665,1.0
2025-12-11T00:55:55.093748,0.335,0.665,1.0
2025-12-11T00:55:55.705921,0.33,0.67,1.0
2025-12-11T00:55:56.310288,0.325,0.675,1.0
2025-12-11T00:55:56.932880,0.33,0.67,1.0
2025-12-11T00:55:57.533352,0.335,0.665,1.0
2025-12-11T00:55:58.133567,0.335,0.665,1.0
2025-12-11T00:55:58.750023,0.335,0.665,1.0
2025-12-11T00:55:59.349208,0.335,0.665,1.0
2025-12-11T00:55:59.944235,0.335,0.665,1.0
2025-12-11T00:56:00.542795,0.335,0.665,1.0
2025-12-11T00:55:59.655011,0.335,0.665,1.0
2025-12-11T00:56:00.260817,0.335,0.665,1.0
2025-12-11T00:56:00.872749,0.395,0.595,0.99
2025-12-11T00:56:01.478659,0.455,0.545,1.0
2025-12-11T00:56:02.090385,0.465,0.535,1.0
2025-12-11T00:56:02.689351,0.465,0.535,1.0
2025-12-11T00:56:03.294412,0.475,0.525,1.0
2025-12-11T00:56:03.900552,0.495,0.495,0.99
2025-12-11T00:56:04.505378,0.535,0.465,1.0
2025-12-11T00:56:05.115583,0.55,0.445,0.9950000000000001
2025-12-11T00:56:05.726750,0.58,0.42,1.0
2025-12-11T00:56:06.369285,0.6,0.4,1.0
2025-12-11T00:56:06.985489,0.605,0.395,1.0
2025-12-11T00:56:07.786332,0.605,0.41,1.015
2025-12-11T00:56:08.398199,0.595,0.405,1.0
2025-12-11T00:56:09.006300,0.62,0.38,1.0
2025-12-11T00:56:09.623452,0.635,0.365,1.0
2025-12-11T00:56:10.230943,0.675,0.325,1.0
2025-12-11T00:56:10.851554,0.735,0.265,1.0
2025-12-11T00:56:11.460600,0.75,0.245,0.995
2025-12-11T00:56:12.079812,0.755,0.245,1.0
2025-12-11T00:56:12.680024,0.765,0.235,1.0
2025-12-11T00:56:13.282541,0.775,0.225,1.0
2025-12-11T00:56:13.917906,0.785,0.215,1.0
2025-12-11T00:56:14.530201,0.785,0.215,1.0
2025-12-11T00:56:15.147886,0.795,0.205,1.0
2025-12-11T00:56:15.753287,0.795,0.205,1.0
2025-12-11T00:56:16.351855,0.795,0.205,1.0
2025-12-11T00:56:16.959236,0.77,0.225,0.995
2025-12-11T00:56:17.563549,0.775,0.225,1.0
2025-12-11T00:56:18.160913,0.795,0.205,1.0
2025-12-11T00:56:18.763755,0.79,0.21,1.0
2025-12-11T00:56:19.367364,0.785,0.215,1.0
2025-12-11T00:56:19.972103,0.785,0.215,1.0
2025-12-11T00:56:20.578860,0.78,0.22,1.0
2025-12-11T00:56:21.181255,0.795,0.235,1.03
2025-12-11T00:56:21.794130,0.715,0.305,1.02
2025-12-11T00:56:22.403114,0.705,0.3,1.005
2025-12-11T00:56:23.007969,0.705,0.295,1.0
2025-12-11T00:56:23.613516,0.71,0.29,1.0
2025-12-11T00:56:24.222038,0.725,0.275,1.0
2025-12-11T00:56:24.828057,0.725,0.275,1.0
2025-12-11T00:56:25.443252,0.715,0.295,1.01
2025-12-11T00:56:26.049801,0.725,0.275,1.0
2025-12-11T00:56:26.660391,0.725,0.275,1.0
2025-12-11T00:56:27.268759,0.72,0.28,1.0
2025-12-11T00:56:27.881192,0.72,0.28,1.0
2025-12-11T00:56:28.490407,0.72,0.28,1.0
2025-12-11T00:56:29.095954,0.715,0.285,1.0
2025-12-11T00:56:29.703265,0.735,0.265,1.0
2025-12-11T00:56:30.320440,0.745,0.255,1.0
2025-12-11T00:56:30.930975,0.745,0.255,1.0
2025-12-11T00:56:30.045544,0.74,0.26,1.0
2025-12-11T00:56:30.653396,0.745,0.255,1.0
2025-12-11T00:56:31.266921,0.745,0.255,1.0
2025-12-11T00:56:31.880177,0.745,0.255,1.0
2025-12-11T00:56:32.492472,0.74,0.26,1.0
2025-12-11T00:56:33.104389,0.74,0.26,1.0
2025-12-11T00:56:33.712049,0.75,0.25,1.0
2025-12-11T00:56:34.319351,0.755,0.245,1.0
2025-12-11T00:56:34.929056,0.765,0.235,1.0
2025-12-11T00:56:35.525935,0.79,0.21,1.0
2025-12-11T00:56:36.126823,0.785,0.215,1.0
2025-12-11T00:56:36.733088,0.79,0.21,1.0
2025-12-11T00:56:37.343864,0.785,0.215,1.0
2025-12-11T00:56:37.951710,0.805,0.195,1.0
2025-12-11T00:56:38.557520,0.795,0.205,1.0
2025-12-11T00:56:39.175518,0.805,0.195,1.0
2025-12-11T00:56:39.786368,0.815,0.185,1.0
2025-12-11T00:56:40.399647,0.805,0.205,1.01
2025-12-11T00:56:41.013270,0.795,0.205,1.0
2025-12-11T00:56:41.614183,0.785,0.215,1.0
2025-12-11T00:56:42.233653,0.79,0.21,1.0
2025-12-11T00:56:42.843909,0.795,0.205,1.0
2025-12-11T00:56:43.455183,0.795,0.205,1.0
2025-12-11T00:56:44.059809,0.815,0.185,1.0
2025-12-11T00:56:44.670214,0.805,0.2,1.0050000000000001
2025-12-11T00:56:45.277777,0.805,0.195,1.0
2025-12-11T00:56:45.886542,0.815,0.185,1.0
2025-12-11T00:56:46.523112,0.805,0.195,1.0
2025-12-11T00:56:47.128875,0.835,0.165,1.0
2025-12-11T00:56:47.743229,0.845,0.155,1.0
2025-12-11T00:56:48.361225,0.855,0.155,1.01
2025-12-11T00:56:48.984779,0.835,0.165,1.0
2025-12-11T00:56:49.600209,0.83,0.17,1.0
2025-12-11T00:56:50.203920,0.84,0.16,1.0
2025-12-11T00:56:50.814642,0.845,0.155,1.0
2025-12-11T00:56:51.425193,0.845,0.16,1.005
2025-12-11T00:56:52.047548,0.845,0.155,1.0
2025-12-11T00:56:52.702288,0.845,0.155,1.0
2025-12-11T00:56:53.318736,0.855,0.145,1.0
2025-12-11T00:56:53.932946,0.85,0.15,1.0
2025-12-11T00:56:54.544395,0.85,0.15,1.0
2025-12-11T00:56:55.158042,0.845,0.15,0.995
2025-12-11T00:56:55.770521,0.845,0.155,1.0
2025-12-11T00:56:56.384009,0.825,0.175,1.0
2025-12-11T00:56:57.003889,0.825,0.175,1.0
2025-12-11T00:56:57.609358,0.825,0.175,1.0
2025-12-11T00:56:58.215716,0.805,0.195,1.0
2025-12-11T00:56:58.844311,0.765,0.235,1.0
2025-12-11T00:56:59.448025,0.77,0.23,1.0
2025-12-11T00:57:00.070280,0.765,0.23,0.995
2025-12-11T00:57:00.678794,0.77,0.23,1.0
2025-12-11T00:57:01.287082,0.77,0.23,1.0
2025-12-11T00:57:01.893550,0.77,0.23,1.0
2025-12-11T00:57:01.010949,0.765,0.23,0.995
2025-12-11T00:57:01.615446,0.765,0.235,1.0
2025-12-11T00:57:02.224947,0.77,0.235,1.005
2025-12-11T00:57:02.831961,0.775,0.225,1.0
2025-12-11T00:57:03.446810,0.775,0.225,1.0
2025-12-11T00:57:04.058722,0.775,0.22,0.995
2025-12-11T00:57:04.659278,0.775,0.225,1.0
2025-12-11T00:57:05.277662,0.765,0.235,1.0
2025-12-11T00:57:05.890221,0.745,0.255,1.0
2025-12-11T00:57:06.498301,0.73,0.27,1.0
2025-12-11T00:57:07.102928,0.735,0.265,1.0
2025-12-11T00:57:07.707281,0.745,0.255,1.0
2025-12-11T00:57:08.306874,0.74,0.255,0.995
2025-12-11T00:57:08.917409,0.745,0.26,1.005
2025-12-11T00:57:09.525154,0.725,0.275,1.0
2025-12-11T00:57:10.135305,0.715,0.285,1.0
2025-12-11T00:57:10.742472,0.735,0.265,1.0
2025-12-11T00:57:11.342757,0.73,0.27,1.0
2025-12-11T00:57:11.950776,0.735,0.265,1.0
2025-12-11T00:57:12.550539,0.735,0.265,1.0
2025-12-11T00:57:13.158266,0.735,0.265,1.0
2025-12-11T00:57:13.769750,0.745,0.255,1.0
2025-12-11T00:57:14.382001,0.755,0.245,1.0
2025-12-11T00:57:14.992658,0.745,0.255,1.0
2025-12-11T00:57:15.599698,0.755,0.245,1.0
2025-12-11T00:57:16.209963,0.71,0.29,1.0
2025-12-11T00:57:16.819153,0.735,0.255,0.99
2025-12-11T00:57:17.430988,0.735,0.265,1.0
2025-12-11T00:57:18.026568,0.74,0.255,0.995
2025-12-11T00:57:18.646779,0.74,0.26,1.0
2025-12-11T00:57:19.255342,0.745,0.255,1.0
2025-12-11T00:57:19.864268,0.75,0.24,0.99
2025-12-11T00:57:20.471086,0.67,0.33,1.0
2025-12-11T00:57:21.082535,0.655,0.345,1.0
2025-12-11T00:57:21.688236,0.655,0.345,1.0
2025-12-11T00:57:22.299925,0.63,0.37,1.0
2025-12-11T00:57:22.909838,0.615,0.385,1.0
2025-12-11T00:57:23.518587,0.625,0.375,1.0
2025-12-11T00:57:24.123206,0.625,0.375,1.0
2025-12-11T00:57:24.740374,0.625,0.375,1.0
2025-12-11T00:57:25.353157,0.61,0.395,1.005
2025-12-11T00:57:25.948998,0.6,0.405,1.005
2025-12-11T00:57:26.552518,0.595,0.405,1.0
2025-12-11T00:57:27.177966,0.595,0.405,1.0
2025-12-11T00:57:27.779193,0.605,0.395,1.0
2025-12-11T00:57:28.385548,0.595,0.405,1.0
2025-12-11T00:57:28.989531,0.595,0.405,1.0
2025-12-11T00:57:29.609108,0.595,0.405,1.0
2025-12-11T00:57:30.226115,0.595,0.405,1.0
2025-12-11T00:57:30.830383,0.585,0.415,1.0
2025-12-11T00:57:31.427804,0.59,0.405,0.995
2025-12-11T00:57:32.036026,0.575,0.425,1.0
2025-12-11T00:57:32.660565,0.575,0.425,1.0
2025-12-11T00:57:31.719148,0.575,0.425,1.0
2025-12-11T00:57:32.320296,0.57,0.425,0.9949999999999999
2025-12-11T00:57:32.928627,0.57,0.43,1.0
2025-12-11T00:57:33.530140,0.595,0.405,1.0
2025-12-11T00:57:34.153874,0.585,0.42,1.005
2025-12-11T00:57:34.756670,0.58,0.42,1.0
2025-12-11T00:57:35.365297,0.575,0.425,1.0
2025-12-11T00:57:35.981658,0.575,0.425,1.0
2025-12-11T00:57:36.595271,0.575,0.43,1.005
2025-12-11T00:57:37.211801,0.565,0.435,1.0
2025-12-11T00:57:37.828817,0.565,0.435,1.0
2025-12-11T00:57:38.453673,0.575,0.425,1.0
2025-12-11T00:57:39.065963,0.585,0.415,1.0
2025-12-11T00:57:39.664892,0.68,0.32,1.0
2025-12-11T00:57:40.278768,0.725,0.285,1.01
2025-12-11T00:57:40.897134,0.72,0.28,1.0
2025-12-11T00:57:41.525826,0.725,0.275,1.0
2025-12-11T00:57:42.142014,0.735,0.27,1.005
2025-12-11T00:57:42.744165,0.735,0.265,1.0
2025-12-11T00:57:43.359879,0.715,0.285,1.0
2025-12-11T00:57:43.978662,0.725,0.275,1.0
2025-12-11T00:57:44.588033,0.74,0.255,0.995
2025-12-11T00:57:45.210016,0.76,0.24,1.0
2025-12-11T00:57:45.823358,0.765,0.235,1.0
2025-12-11T00:57:46.431974,0.765,0.235,1.0
2025-12-11T00:57:47.042012,0.755,0.245,1.0
2025-12-11T00:57:47.643534,0.765,0.235,1.0
2025-12-11T00:57:48.275018,0.765,0.235,1.0
2025-12-11T00:57:48.871098,0.765,0.235,1.0
2025-12-11T00:57:49.484672,0.775,0.225,1.0
2025-12-11T00:57:50.097663,0.77,0.23,1.0
2025-12-11T00:57:50.714649,0.765,0.235,1.0
2025-12-11T00:57:51.321609,0.77,0.23,1.0
2025-12-11T00:57:51.930795,0.775,0.225,1.0
2025-12-11T00:57:52.541685,0.765,0.235,1.0
2025-12-11T00:57:53.151539,0.74,0.26,1.0
2025-12-11T00:57:53.754741,0.745,0.255,1.0
2025-12-11T00:57:54.356200,0.74,0.255,0.995
2025-12-11T00:57:54.974031,0.755,0.225,0.98
2025-12-11T00:57:55.577896,0.75,0.25,1.0
2025-12-11T00:57:56.181663,0.755,0.245,1.0
2025-12-11T00:57:56.790487,0.745,0.255,1.0
2025-12-11T00:57:57.400961,0.745,0.255,1.0
2025-12-11T00:57:58.012992,0.745,0.255,1.0
2025-12-11T00:57:58.608427,0.745,0.255,1.0
2025-12-11T00:57:59.210189,0.755,0.245,1.0
2025-12-11T00:57:59.833666,0.775,0.225,1.0
2025-12-11T00:58:00.446992,0.765,0.235,1.0
2025-12-11T00:58:01.060669,0.765,0.235,1.0
2025-12-11T00:58:01.678876,0.76,0.235,0.995
2025-12-11T00:58:02.277318,0.765,0.235,1.0
2025-12-11T00:58:02.888890,0.755,0.245,1.0
2025-12-11T00:58:03.485031,0.765,0.235,1.0
2025-12-11T00:58:02.609704,0.775,0.225,1.0
2025-12-11T00:58:03.238332,0.78,0.215,0.995
2025-12-11T00:58:03.834069,0.78,0.22,1.0
2025-12-11T00:58:04.435982,0.77,0.23,1.0
2025-12-11T00:58:05.049353,0.775,0.225,1.0
2025-12-11T00:58:05.663792,0.77,0.23,1.0
2025-12-11T00:58:06.290705,0.765,0.235,1.0
2025-12-11T00:58:06.890232,0.75,0.25,1.0
2025-12-11T00:58:07.518611,0.745,0.255,1.0
2025-12-11T00:58:08.136905,0.745,0.255,1.0
2025-12-11T00:58:08.770392,0.745,0.255,1.0
2025-12-11T00:58:09.391673,0.735,0.265,1.0
2025-12-11T00:58:10.001412,0.735,0.265,1.0
2025-12-11T00:58:10.611541,0.745,0.255,1.0
2025-12-11T00:58:11.218813,0.76,0.245,1.005
2025-12-11T00:58:11.836142,0.755,0.245,1.0
2025-12-11T00:58:12.443180,0.765,0.235,1.0
2025-12-11T00:58:13.050661,0.755,0.245,1.0
2025-12-11T00:58:13.663272,0.75,0.25,1.0
2025-12-11T00:58:14.261133,0.75,0.245,0.995
2025-12-11T00:58:14.858018,0.755,0.245,1.0
2025-12-11T00:58:15.462020,0.755,0.245,1.0
2025-12-11T00:58:16.068365,0.755,0.245,1.0
2025-12-11T00:58:16.688472,0.755,0.245,1.0
2025-12-11T00:58:17.289601,0.755,0.245,1.0
2025-12-11T00:58:17.901731,0.755,0.245,1.0
2025-12-11T00:58:18.513479,0.755,0.245,1.0
2025-12-11T00:58:19.118763,0.755,0.245,1.0
2025-12-11T00:58:19.742517,0.755,0.245,1.0
2025-12-11T00:58:20.352536,0.755,0.235,0.99
2025-12-11T00:58:20.949070,0.765,0.235,1.0
2025-12-11T00:58:21.576624,0.585,0.445,1.03
2025-12-11T00:58:22.185120,0.445,0.555,1.0
2025-12-11T00:58:22.796604,0.335,0.67,1.0050000000000001
2025-12-11T00:58:23.406852,0.305,0.695,1.0
2025-12-11T00:58:24.017857,0.235,0.735,0.97
2025-12-11T00:58:24.632391,0.275,0.725,1.0
2025-12-11T00:58:25.244622,0.255,0.75,1.005
2025-12-11T00:58:25.861313,0.305,0.695,1.0
2025-12-11T00:58:26.472066,0.31,0.675,0.9850000000000001
2025-12-11T00:58:27.072091,0.275,0.725,1.0
2025-12-11T00:58:27.684160,0.275,0.725,1.0
2025-12-11T00:58:28.316000,0.3,0.735,1.035
2025-12-11T00:58:28.924823,0.29,0.71,1.0
2025-12-11T00:58:29.524038,0.295,0.705,1.0
2025-12-11T00:58:30.125848,0.315,0.675,0.99
2025-12-11T00:58:30.741187,0.405,0.595,1.0
2025-12-11T00:58:31.352345,0.4,0.6,1.0
2025-12-11T00:58:31.964981,0.415,0.585,1.0
2025-12-11T00:58:32.566493,0.385,0.62,1.005
2025-12-11T00:58:33.185226,0.38,0.605,0.985
2025-12-11T00:58:33.785489,0.375,0.625,1.0
2025-12-11T00:58:33.162339,0.365,0.635,1.0
2025-12-11T00:58:33.764415,0.4,0.6,1.0
2025-12-11T00:58:34.380838,0.385,0.615,1.0
2025-12-11T00:58:34.997120,0.39,0.605,0.995
2025-12-11T00:58:35.597680,0.43,0.58,1.01
2025-12-11T00:58:36.217845,0.445,0.555,1.0
2025-12-11T00:58:36.833259,0.43,0.57,1.0
2025-12-11T00:58:37.442569,0.415,0.585,1.0
2025-12-11T00:58:38.051696,0.38,0.615,0.995
2025-12-11T00:58:38.657484,0.375,0.635,1.01
2025-12-11T00:58:39.264323,0.385,0.61,0.995
2025-12-11T00:58:39.872179,0.395,0.615,1.01
2025-12-11T00:58:40.473708,0.375,0.635,1.01
2025-12-11T00:58:41.083597,0.415,0.585,1.0
2025-12-11T00:58:41.723160,0.43,0.57,1.0
2025-12-11T00:58:42.323451,0.435,0.565,1.0
2025-12-11T00:58:42.929670,0.435,0.565,1.0
2025-12-11T00:58:43.533663,0.415,0.585,1.0
2025-12-11T00:58:44.147411,0.405,0.595,1.0
2025-12-11T00:58:44.749171,0.405,0.595,1.0
2025-12-11T00:58:45.364594,0.415,0.585,1.0
2025-12-11T00:58:45.968275,0.435,0.565,1.0
2025-12-11T00:58:46.647592,0.425,0.585,1.01
2025-12-11T00:58:47.263381,0.405,0.595,1.0
2025-12-11T00:58:47.872442,0.345,0.65,0.995
2025-12-11T00:58:48.483484,0.355,0.635,0.99
2025-12-11T00:58:49.084585,0.345,0.665,1.01
2025-12-11T00:58:49.718518,0.345,0.655,1.0
2025-12-11T00:58:50.332069,0.345,0.655,1.0
2025-12-11T00:58:50.936435,0.35,0.645,0.995
2025-12-11T00:58:51.585620,0.345,0.655,1.0
2025-12-11T00:58:52.186317,0.34,0.66,1.0
2025-12-11T00:58:52.807668,0.345,0.655,1.0
2025-12-11T00:58:53.524517,0.35,0.645,0.995
2025-12-11T00:58:54.148090,0.35,0.645,0.995
2025-12-11T00:58:54.758646,0.355,0.645,1.0
2025-12-11T00:58:55.370352,0.355,0.645,1.0
2025-12-11T00:58:55.986318,0.355,0.645,1.0
2025-12-11T00:58:56.597639,0.35,0.65,1.0
2025-12-11T00:58:57.203109,0.335,0.665,1.0
2025-12-11T00:58:57.825902,0.275,0.74,1.0150000000000001
2025-12-11T00:58:58.482777,0.235,0.765,1.0
2025-12-11T00:58:59.087412,0.205,0.795,1.0
2025-12-11T00:58:59.686782,0.2,0.815,1.015
2025-12-11T00:59:00.304854,0.11,0.885,0.995
2025-12-11T00:59:00.910798,0.105,0.895,1.0
2025-12-11T00:59:01.532062,0.095,0.905,1.0
2025-12-11T00:59:02.147884,0.095,0.905,1.0
2025-12-11T00:59:02.758525,0.125,0.875,1.0
2025-12-11T00:59:03.358817,0.13,0.87,1.0
2025-12-11T00:59:03.953083,0.115,0.885,1.0
2025-12-11T00:59:04.563324,0.125,0.875,1.0
2025-12-11T00:59:03.654833,0.115,0.885,1.0
2025-12-11T00:59:04.256043,0.095,0.905,1.0
2025-12-11T00:59:04.876508,0.12,0.875,0.995
2025-12-11T00:59:05.487637,0.145,0.855,1.0
2025-12-11T00:59:06.123974,0.155,0.845,1.0
2025-12-11T00:59:06.737409,0.155,0.84,0.995
2025-12-11T00:59:07.356231,0.175,0.825,1.0
2025-12-11T00:59:07.960774,0.155,0.845,1.0
2025-12-11T00:59:08.555118,0.155,0.84,0.995
2025-12-11T00:59:09.167063,0.16,0.84,1.0
2025-12-11T00:59:09.772784,0.155,0.845,1.0
2025-12-11T00:59:10.374885,0.175,0.825,1.0
2025-12-11T00:59:10.992298,0.195,0.805,1.0
2025-12-11T00:59:11.608716,0.185,0.815,1.0
2025-12-11T00:59:12.231726,0.185,0.815,1.0
2025-12-11T00:59:12.844628,0.185,0.815,1.0
2025-12-11T00:59:13.463952,0.19,0.81,1.0
2025-12-11T00:59:14.081355,0.175,0.825,1.0
2025-12-11T00:59:14.690293,0.175,0.82,0.9949999999999999
2025-12-11T00:59:15.304396,0.18,0.825,1.005
2025-12-11T00:59:15.918064,0.17,0.835,1.005
2025-12-11T00:59:16.541097,0.175,0.83,1.005
2025-12-11T00:59:17.164767,0.165,0.84,1.005
2025-12-11T00:59:17.781583,0.185,0.815,1.0
2025-12-11T00:59:18.380012,0.2,0.8,1.0
2025-12-11T00:59:18.990939,0.185,0.815,1.0
2025-12-11T00:59:19.605428,0.205,0.795,1.0
2025-12-11T00:59:20.222459,0.235,0.76,0.995
2025-12-11T00:59:20.835766,0.245,0.755,1.0
2025-12-11T00:59:21.449523,0.25,0.75,1.0
2025-12-11T00:59:22.069143,0.125,0.875,1.0
2025-12-11T00:59:22.684417,0.125,0.875,1.0
2025-12-11T00:59:23.296340,0.125,0.875,1.0
2025-12-11T00:59:23.906402,0.125,0.875,1.0
2025-12-11T00:59:24.508585,0.2,0.795,0.9950000000000001
2025-12-11T00:59:25.117166,0.175,0.825,1.0
2025-12-11T00:59:25.730136,0.18,0.8,0.98
2025-12-11T00:59:26.342381,0.185,0.825,1.01
2025-12-11T00:59:26.951363,0.17,0.815,0.985
2025-12-11T00:59:27.585042,0.17,0.83,1.0
2025-12-11T00:59:28.199440,0.205,0.795,1.0
2025-12-11T00:59:28.806369,0.175,0.825,1.0
2025-12-11T00:59:29.421933,0.2,0.835,1.035
2025-12-11T00:59:30.033465,0.17,0.83,1.0
2025-12-11T00:59:30.653038,0.165,0.835,1.0
2025-12-11T00:59:31.262996,0.165,0.835,1.0
2025-12-11T00:59:31.880172,0.2,0.805,1.0050000000000001
2025-12-11T00:59:32.517538,0.22,0.78,1.0
2025-12-11T00:59:33.122458,0.255,0.72,0.975
2025-12-11T00:59:33.729104,0.405,0.63,1.0350000000000001
2025-12-11T00:59:34.329516,0.4,0.59,0.99
2025-12-11T00:59:34.940838,0.445,0.555,1.0
2025-12-11T00:59:35.552623,0.445,0.56,1.0050000000000001
2025-12-11T00:59:34.603903,0.45,0.55,1.0
2025-12-11T00:59:35.216306,0.445,0.555,1.0
2025-12-11T00:59:35.809704,0.44,0.56,1.0
2025-12-11T00:59:36.415790,0.38,0.62,1.0
2025-12-11T00:59:37.017882,0.4,0.595,0.995
2025-12-11T00:59:37.619582,0.415,0.585,1.0
2025-12-11T00:59:38.221089,0.42,0.58,1.0
2025-12-11T00:59:38.826453,0.425,0.575,1.0
2025-12-11T00:59:39.426848,0.41,0.59,1.0
2025-12-11T00:59:40.026599,0.4,0.595,0.995
2025-12-11T00:59:40.630402,0.405,0.6,1.005
2025-12-11T00:59:41.232300,0.405,0.595,1.0
2025-12-11T00:59:41.830570,0.4,0.6,1.0
2025-12-11T00:59:42.432685,0.4,0.6,1.0
2025-12-11T00:59:43.039274,0.4,0.6,1.0
2025-12-11T00:59:43.651055,0.4,0.6,1.0
2025-12-11T00:59:44.256256,0.4,0.6,1.0
2025-12-11T00:59:44.856318,0.4,0.6,1.0
2025-12-11T00:59:45.470755,0.4,0.6,1.0
2025-12-11T00:59:46.071013,0.4,0.6,1.0
2025-12-11T00:59:46.682194,0.395,0.605,1.0
2025-12-11T00:59:47.277092,0.395,0.605,1.0
2025-12-11T00:59:47.875459,0.39,0.61,1.0
2025-12-11T00:59:48.480683,0.405,0.595,1.0
2025-12-11T00:59:49.093593,0.405,0.595,1.0
2025-12-11T00:59:49.694785,0.415,0.585,1.0
2025-12-11T00:59:50.292490,0.405,0.595,1.0
2025-12-11T00:59:50.888599,0.425,0.575,1.0
2025-12-11T00:59:51.489765,0.415,0.585,1.0
2025-12-11T00:59:52.087181,0.44,0.55,0.99
2025-12-11T00:59:52.692610,0.445,0.555,1.0
2025-12-11T00:59:53.295535,0.485,0.515,1.0
2025-12-11T00:59:53.897933,0.755,0.245,1.0
2025-12-11T00:59:54.497211,0.845,0.15,0.995
2025-12-11T00:59:55.104294,0.88,0.115,0.995
2025-12-11T00:59:55.722803,0.915,0.095,1.01
2025-12-11T00:59:56.336378,0.925,0.075,1.0
2025-12-11T00:59:56.949868,0.885,0.115,1.0
2025-12-11T00:59:57.552576,0.91,0.09,1.0
2025-12-11T00:59:58.153275,0.925,0.075,1.0
2025-12-11T00:59:58.758250,0.935,0.065,1.0
2025-12-11T00:59:59.356963,0.955,0.045,1.0
2025-12-11T00:59:59.957562,0.98,0.025,1.005
2025-12-11T01:00:00.551194,0.975,0.025,1.0
2025-12-11T01:00:01.164579,0.975,0.025,1.0
2025-12-11T01:00:01.796403,0.985,0.015,1.0
2025-12-11T01:00:02.393938,0.985,0.015,1.0
2025-12-11T01:00:03.004814,0.995,0.005,1.0
2025-12-11T01:00:03.620751,0.995,0.005,1.0
2025-12-11T01:00:04.257964,0.995,0.005,1.0
2025-12-11T01:00:04.860425,0.995,0.005,1.0
2025-12-11T01:00:05.465348,0.995,0.005,1.0
2025-12-11T01:00:06.118187,0.995,0.005,1.0
2025-12-11T01:00:05.253079,0.995,0.005,1.0
2025-12-11T01:00:05.852052,0.995,0.005,1.0
2025-12-11T01:00:06.451612,0.995,0.005,1.0
2025-12-11T01:00:07.055316,0.995,0.005,1.0
2025-12-11T01:00:07.665402,0.995,0.005,1.0
2025-12-11T01:00:08.271800,0.995,0.005,1.0
2025-12-11T01:00:08.886825,0.995,0.005,1.0
2025-12-11T01:00:09.484321,0.995,0.005,1.0
2025-12-11T01:00:10.087033,0.995,0.005,1.0
2025-12-11T01:00:10.705198,0.995,0.005,1.0
2025-12-11T01:00:11.313014,0.995,0.005,1.0
2025-12-11T01:00:11.926794,0.995,0.005,1.0
2025-12-11T01:00:12.525153,0.995,0.005,1.0
2025-12-11T01:00:13.124438,0.995,0.005,1.0
2025-12-11T01:00:13.731489,0.995,0.005,1.0
2025-12-11T01:00:14.347676,0.995,0.005,1.0
2025-12-11T01:00:14.957368,0.995,0.005,1.0
2025-12-11T01:00:15.567946,0.995,0.005,1.0
2025-12-11T01:00:16.173713,0.995,0.005,1.0
2025-12-11T01:00:16.782236,0.995,0.005,1.0
2025-12-11T01:00:17.389047,0.995,0.005,1.0
2025-12-11T01:00:18.001654,0.995,0.005,1.0
2025-12-11T01:00:18.615426,0.995,0.005,1.0
2025-12-11T01:00:19.217042,0.995,0.005,1.0
2025-12-11T01:00:19.819465,0.995,0.005,1.0
2025-12-11T01:00:20.414992,0.995,0.005,1.0
2025-12-11T01:00:21.022221,0.995,0.005,1.0
2025-12-11T01:00:21.627533,0.995,0.005,1.0
2025-12-11T01:00:22.234620,0.995,0.005,1.0
2025-12-11T01:00:22.837392,0.995,0.005,1.0
2025-12-11T01:00:23.444740,0.995,0.005,1.0
2025-12-11T01:00:24.039541,0.995,0.005,1.0
2025-12-11T01:00:24.654593,0.995,0.005,1.0
2025-12-11T01:00:25.267990,0.995,0.005,1.0
2025-12-11T01:00:25.868062,0.995,0.005,1.0
2025-12-11T01:00:26.468400,0.995,0.005,1.0
2025-12-11T01:00:27.070781,0.995,0.005,1.0
2025-12-11T01:00:27.678786,0.995,0.005,1.0
2025-12-11T01:00:28.323316,0.995,0.005,1.0
2025-12-11T01:00:28.942005,0.995,0.005,1.0
2025-12-11T01:00:29.560191,0.995,0.005,1.0
2025-12-11T01:00:30.167350,0.995,0.005,1.0
2025-12-11T01:00:30.793801,0.995,0.005,1.0
2025-12-11T01:00:31.400958,0.995,0.005,1.0
2025-12-11T01:00:32.000710,0.995,0.005,1.0
2025-12-11T01:00:32.594243,0.995,0.005,1.0
2025-12-11T01:00:33.240267,0.995,0.005,1.0
2025-12-11T01:00:33.840846,0.995,0.005,1.0
2025-12-11T01:00:34.485503,0.995,0.005,1.0
2025-12-11T01:00:35.084571,0.995,0.005,1.0
2025-12-11T01:00:35.681497,0.995,0.005,1.0
2025-12-11T01:00:36.282373,0.995,0.005,1.0
2025-12-11T01:00:36.877499,0.995,0.005,1.0
2025-12-11T01:00:36.023290,0.995,0.005,1.0
2025-12-11T01:00:36.763905,0.995,0.005,1.0
2025-12-11T01:00:37.368702,0.995,0.005,1.0
2025-12-11T01:00:37.969184,0.995,0.005,1.0
2025-12-11T01:00:38.567548,0.995,0.005,1.0
2025-12-11T01:00:39.167326,0.995,0.005,1.0
2025-12-11T01:00:39.848620,0.995,0.005,1.0
2025-12-11T01:00:40.455845,0.995,0.005,1.0
2025-12-11T01:00:41.106088,0.995,0.005,1.0
2025-12-11T01:00:41.707604,0.995,0.005,1.0
2025-12-11T01:00:42.308319,0.995,0.005,1.0
2025-12-11T01:00:42.917372,0.995,0.005,1.0
2025-12-11T01:00:43.525184,0.995,0.005,1.0
2025-12-11T01:00:44.126908,0.995,0.005,1.0
2025-12-11T01:00:44.738789,0.995,0.005,1.0
2025-12-11T01:00:45.362143,0.995,0.005,1.0
2025-12-11T01:00:45.971049,0.995,0.005,1.0
2025-12-11T01:00:46.589526,0.995,0.005,1.0
2025-12-11T01:00:47.192034,0.995,0.005,1.0
2025-12-11T01:00:47.808562,0.995,0.005,1.0
2025-12-11T01:00:48.412514,0.995,0.005,1.0
2025-12-11T01:00:49.030969,0.995,0.005,1.0
2025-12-11T01:00:49.654850,0.995,0.005,1.0
2025-12-11T01:00:50.309384,0.995,0.005,1.0
2025-12-11T01:00:50.930471,0.995,0.005,1.0
2025-12-11T01:00:51.542394,0.995,0.005,1.0
2025-12-11T01:00:52.153098,0.995,0.005,1.0
2025-12-11T01:00:52.773971,0.995,0.005,1.0
2025-12-11T01:00:53.373412,0.995,0.005,1.0
2025-12-11T01:00:53.975803,0.995,0.005,1.0
2025-12-11T01:00:54.579630,0.995,0.005,1.0
2025-12-11T01:00:55.190736,0.995,0.005,1.0
2025-12-11T01:00:55.790455,0.995,0.005,1.0
2025-12-11T01:00:56.401333,0.995,0.005,1.0
2025-12-11T01:00:57.011488,0.995,0.005,1.0
2025-12-11T01:00:57.616093,0.995,0.005,1.0
2025-12-11T01:00:58.221904,0.995,0.005,1.0
2025-12-11T01:00:58.829962,0.995,0.005,1.0
2025-12-11T01:00:59.430599,0.995,0.005,1.0
2025-12-11T01:01:00.027050,0.5,0.5,1.0
