timestamp,price_yes,price_no,sum_prices
2025-12-11T05:31:00.766699,0.655,0.345,1.0
2025-12-11T05:31:01.390130,0.655,0.345,1.0
2025-12-11T05:31:02.003878,0.655,0.345,1.0
2025-12-11T05:31:02.621796,0.655,0.345,1.0
2025-12-11T05:31:03.229774,0.665,0.335,1.0
2025-12-11T05:31:03.845766,0.655,0.345,1.0
2025-12-11T05:31:04.458800,0.655,0.345,1.0
2025-12-11T05:31:05.075912,0.655,0.345,1.0
2025-12-11T05:31:05.691755,0.625,0.375,1.0
2025-12-11T05:31:06.289640,0.625,0.375,1.0
2025-12-11T05:31:06.902630,0.625,0.375,1.0
2025-12-11T05:31:07.506129,0.625,0.375,1.0
2025-12-11T05:31:08.120439,0.635,0.365,1.0
2025-12-11T05:31:08.728902,0.625,0.375,1.0
2025-12-11T05:31:09.345411,0.625,0.375,1.0
2025-12-11T05:31:09.956003,0.625,0.375,1.0
2025-12-11T05:31:10.569980,0.625,0.375,1.0
2025-12-11T05:31:11.195918,0.625,0.375,1.0
2025-12-11T05:31:11.810774,0.625,0.375,1.0
2025-12-11T05:31:12.429646,0.615,0.385,1.0
2025-12-11T05:31:13.045656,0.615,0.385,1.0
2025-12-11T05:31:13.658934,0.615,0.385,1.0
2025-12-11T05:31:14.267118,0.615,0.385,1.0
2025-12-11T05:31:14.877059,0.615,0.385,1.0
2025-12-11T05:31:15.480460,0.615,0.385,1.0
2025-12-11T05:31:16.089940,0.615,0.385,1.0
2025-12-11T05:31:16.704626,0.615,0.385,1.0
2025-12-11T05:31:17.316273,0.615,0.385,1.0
2025-12-11T05:31:17.926888,0.615,0.385,1.0
2025-12-11T05:31:18.536697,0.615,0.385,1.0
2025-12-11T05:31:19.154737,0.615,0.385,1.0
2025-12-11T05:31:19.763732,0.615,0.385,1.0
2025-12-11T05:31:20.388642,0.615,0.385,1.0
2025-12-11T05:31:21.007242,0.615,0.385,1.0
2025-12-11T05:31:21.617798,0.605,0.395,1.0
2025-12-11T05:31:22.228641,0.605,0.395,1.0
2025-12-11T05:31:22.838599,0.605,0.395,1.0
2025-12-11T05:31:23.450655,0.605,0.395,1.0
2025-12-11T05:31:24.063128,0.605,0.395,1.0
2025-12-11T05:31:24.682650,0.53,0.47,1.0
2025-12-11T05:31:25.291754,0.52,0.48,1.0
2025-12-11T05:31:25.904737,0.515,0.485,1.0
2025-12-11T05:31:26.519759,0.505,0.495,1.0
2025-12-11T05:31:27.132283,0.485,0.515,1.0
2025-12-11T05:31:27.742973,0.475,0.525,1.0
2025-12-11T05:31:28.358283,0.475,0.525,1.0
2025-12-11T05:31:28.968543,0.475,0.525,1.0
2025-12-11T05:31:28.006711,0.48,0.52,1.0
2025-12-11T05:31:28.621187,0.485,0.515,1.0
2025-12-11T05:31:29.238723,0.475,0.525,1.0
2025-12-11T05:31:29.844547,0.475,0.525,1.0
2025-12-11T05:31:30.456082,0.475,0.525,1.0
2025-12-11T05:31:31.064854,0.475,0.525,1.0
2025-12-11T05:31:31.678908,0.485,0.515,1.0
2025-12-11T05:31:32.277355,0.485,0.515,1.0
2025-12-11T05:31:32.878486,0.485,0.515,1.0
2025-12-11T05:31:33.508038,0.515,0.48,0.995
2025-12-11T05:31:34.105601,0.565,0.43,0.9949999999999999
2025-12-11T05:31:34.718110,0.605,0.4,1.005
2025-12-11T05:31:35.323643,0.595,0.39,0.985
2025-12-11T05:31:35.932553,0.615,0.38,0.995
2025-12-11T05:31:36.546422,0.61,0.39,1.0
2025-12-11T05:31:37.145832,0.615,0.38,0.995
2025-12-11T05:31:37.757353,0.63,0.37,1.0
2025-12-11T05:31:38.367599,0.645,0.355,1.0
2025-12-11T05:31:38.978125,0.645,0.355,1.0
2025-12-11T05:31:39.589665,0.645,0.345,0.99
2025-12-11T05:31:40.204544,0.645,0.355,1.0
2025-12-11T05:31:40.816056,0.655,0.345,1.0
2025-12-11T05:31:41.435341,0.655,0.345,1.0
2025-12-11T05:31:42.039219,0.65,0.35,1.0
2025-12-11T05:31:42.653362,0.655,0.35,1.005
2025-12-11T05:31:43.265855,0.645,0.355,1.0
2025-12-11T05:31:43.875644,0.655,0.345,1.0
2025-12-11T05:31:44.484349,0.645,0.355,1.0
2025-12-11T05:31:45.093245,0.635,0.365,1.0
2025-12-11T05:31:45.702341,0.61,0.39,1.0
2025-12-11T05:31:46.311400,0.605,0.395,1.0
2025-12-11T05:31:46.924978,0.6,0.4,1.0
2025-12-11T05:31:47.537668,0.605,0.395,1.0
2025-12-11T05:31:48.148520,0.6,0.4,1.0
2025-12-11T05:31:48.758880,0.6,0.405,1.005
2025-12-11T05:31:49.375544,0.595,0.405,1.0
2025-12-11T05:31:49.980368,0.585,0.415,1.0
2025-12-11T05:31:50.586347,0.585,0.415,1.0
2025-12-11T05:31:51.201144,0.595,0.405,1.0
2025-12-11T05:31:51.812694,0.595,0.405,1.0
2025-12-11T05:31:52.429428,0.59,0.41,1.0
2025-12-11T05:31:53.056298,0.585,0.415,1.0
2025-12-11T05:31:53.672156,0.595,0.405,1.0
2025-12-11T05:31:54.281470,0.605,0.395,1.0
2025-12-11T05:31:54.894463,0.595,0.405,1.0
2025-12-11T05:31:55.508153,0.605,0.395,1.0
2025-12-11T05:31:56.127499,0.595,0.405,1.0
2025-12-11T05:31:56.741013,0.595,0.405,1.0
2025-12-11T05:31:57.362669,0.595,0.405,1.0
2025-12-11T05:31:57.966263,0.605,0.405,1.01
2025-12-11T05:31:58.588820,0.595,0.405,1.0
2025-12-11T05:31:59.197236,0.585,0.415,1.0
2025-12-11T05:31:59.816685,0.595,0.405,1.0
2025-12-11T05:31:58.866316,0.605,0.395,1.0
2025-12-11T05:31:59.479894,0.6,0.4,1.0
2025-12-11T05:32:00.087934,0.595,0.405,1.0
2025-12-11T05:32:00.702621,0.6,0.395,0.995
2025-12-11T05:32:01.321512,0.635,0.37,1.005
2025-12-11T05:32:01.934557,0.63,0.365,0.995
2025-12-11T05:32:02.543378,0.635,0.365,1.0
2025-12-11T05:32:03.145134,0.635,0.375,1.01
2025-12-11T05:32:03.753560,0.625,0.375,1.0
2025-12-11T05:32:04.357304,0.625,0.375,1.0
2025-12-11T05:32:04.967779,0.635,0.365,1.0
2025-12-11T05:32:05.627894,0.635,0.365,1.0
2025-12-11T05:32:06.240147,0.635,0.365,1.0
2025-12-11T05:32:06.853769,0.635,0.365,1.0
2025-12-11T05:32:07.474338,0.625,0.375,1.0
2025-12-11T05:32:08.081857,0.615,0.385,1.0
2025-12-11T05:32:08.693800,0.615,0.385,1.0
2025-12-11T05:32:09.308133,0.6,0.405,1.005
2025-12-11T05:32:09.916071,0.565,0.44,1.005
2025-12-11T05:32:10.531132,0.545,0.455,1.0
2025-12-11T05:32:11.142662,0.545,0.455,1.0
2025-12-11T05:32:11.754317,0.545,0.455,1.0
2025-12-11T05:32:12.357673,0.545,0.455,1.0
2025-12-11T05:32:12.965254,0.555,0.445,1.0
2025-12-11T05:32:13.575107,0.555,0.445,1.0
2025-12-11T05:32:14.192645,0.555,0.445,1.0
2025-12-11T05:32:14.800307,0.565,0.43,0.9949999999999999
2025-12-11T05:32:15.409706,0.575,0.425,1.0
2025-12-11T05:32:16.031460,0.575,0.425,1.0
2025-12-11T05:32:16.633714,0.565,0.435,1.0
2025-12-11T05:32:17.246636,0.555,0.44,0.9950000000000001
2025-12-11T05:32:17.858840,0.555,0.445,1.0
2025-12-11T05:32:18.480078,0.565,0.435,1.0
2025-12-11T05:32:19.089155,0.585,0.415,1.0
2025-12-11T05:32:19.705438,0.585,0.415,1.0
2025-12-11T05:32:20.311888,0.585,0.415,1.0
2025-12-11T05:32:20.921184,0.59,0.405,0.995
2025-12-11T05:32:21.532675,0.595,0.405,1.0
2025-12-11T05:32:22.143468,0.595,0.405,1.0
2025-12-11T05:32:22.756372,0.595,0.405,1.0
2025-12-11T05:32:23.368019,0.585,0.415,1.0
2025-12-11T05:32:23.980477,0.605,0.395,1.0
2025-12-11T05:32:24.592388,0.605,0.395,1.0
2025-12-11T05:32:25.252361,0.605,0.395,1.0
2025-12-11T05:32:25.868525,0.615,0.385,1.0
2025-12-11T05:32:26.482195,0.615,0.385,1.0
2025-12-11T05:32:27.093591,0.625,0.375,1.0
2025-12-11T05:32:27.706618,0.625,0.375,1.0
2025-12-11T05:32:28.304082,0.62,0.385,1.005
2025-12-11T05:32:29.011954,0.615,0.385,1.0
2025-12-11T05:32:29.629276,0.605,0.395,1.0
2025-12-11T05:32:30.240677,0.605,0.395,1.0
2025-12-11T05:32:29.283875,0.595,0.405,1.0
2025-12-11T05:32:29.894837,0.595,0.405,1.0
2025-12-11T05:32:30.511036,0.57,0.435,1.005
2025-12-11T05:32:31.119911,0.565,0.435,1.0
2025-12-11T05:32:31.727671,0.565,0.435,1.0
2025-12-11T05:32:32.339556,0.58,0.42,1.0
2025-12-11T05:32:32.949435,0.585,0.415,1.0
2025-12-11T05:32:33.556560,0.585,0.415,1.0
2025-12-11T05:32:34.172198,0.585,0.415,1.0
2025-12-11T05:32:34.773934,0.585,0.415,1.0
2025-12-11T05:32:35.389432,0.585,0.415,1.0
2025-12-11T05:32:36.004950,0.585,0.415,1.0
2025-12-11T05:32:36.612886,0.585,0.415,1.0
2025-12-11T05:32:37.221975,0.595,0.405,1.0
2025-12-11T05:32:37.844953,0.615,0.38,0.995
2025-12-11T05:32:38.463351,0.605,0.395,1.0
2025-12-11T05:32:39.078594,0.605,0.395,1.0
2025-12-11T05:32:39.696667,0.605,0.395,1.0
2025-12-11T05:32:40.308495,0.605,0.395,1.0
2025-12-11T05:32:40.913617,0.605,0.395,1.0
2025-12-11T05:32:41.524119,0.595,0.405,1.0
2025-12-11T05:32:42.137706,0.595,0.405,1.0
2025-12-11T05:32:42.735310,0.59,0.41,1.0
2025-12-11T05:32:43.343964,0.6,0.395,0.995
2025-12-11T05:32:43.956483,0.595,0.405,1.0
2025-12-11T05:32:44.573521,0.595,0.405,1.0
2025-12-11T05:32:45.188081,0.585,0.415,1.0
2025-12-11T05:32:45.799708,0.58,0.425,1.005
2025-12-11T05:32:46.411236,0.575,0.425,1.0
2025-12-11T05:32:47.025935,0.575,0.425,1.0
2025-12-11T05:32:47.644644,0.575,0.425,1.0
2025-12-11T05:32:48.316565,0.575,0.425,1.0
2025-12-11T05:32:48.935963,0.575,0.425,1.0
2025-12-11T05:32:49.549695,0.575,0.425,1.0
2025-12-11T05:32:50.164847,0.575,0.425,1.0
2025-12-11T05:32:50.761734,0.575,0.425,1.0
2025-12-11T05:32:51.380003,0.575,0.425,1.0
2025-12-11T05:32:51.994718,0.575,0.425,1.0
2025-12-11T05:32:52.608929,0.575,0.425,1.0
2025-12-11T05:32:53.222030,0.57,0.43,1.0
2025-12-11T05:32:53.835121,0.575,0.425,1.0
2025-12-11T05:32:54.447481,0.575,0.425,1.0
2025-12-11T05:32:55.062225,0.565,0.435,1.0
2025-12-11T05:32:55.673604,0.56,0.44,1.0
2025-12-11T05:32:56.361021,0.56,0.44,1.0
2025-12-11T05:32:56.969755,0.565,0.435,1.0
2025-12-11T05:32:57.582079,0.585,0.415,1.0
2025-12-11T05:32:58.199954,0.595,0.405,1.0
2025-12-11T05:32:58.805855,0.605,0.395,1.0
2025-12-11T05:32:59.425059,0.605,0.395,1.0
2025-12-11T05:33:00.085540,0.615,0.385,1.0
2025-12-11T05:33:00.698408,0.615,0.385,1.0
2025-12-11T05:32:59.710715,0.615,0.385,1.0
2025-12-11T05:33:00.305975,0.615,0.385,1.0
2025-12-11T05:33:00.922501,0.615,0.385,1.0
2025-12-11T05:33:01.545167,0.61,0.39,1.0
2025-12-11T05:33:02.163331,0.6,0.4,1.0
2025-12-11T05:33:02.780657,0.605,0.395,1.0
2025-12-11T05:33:03.394409,0.615,0.385,1.0
2025-12-11T05:33:04.006895,0.61,0.39,1.0
2025-12-11T05:33:04.615768,0.605,0.395,1.0
2025-12-11T05:33:05.215956,0.605,0.395,1.0
2025-12-11T05:33:05.822930,0.605,0.395,1.0
2025-12-11T05:33:06.432179,0.605,0.395,1.0
2025-12-11T05:33:07.042353,0.61,0.39,1.0
2025-12-11T05:33:07.652686,0.615,0.385,1.0
2025-12-11T05:33:08.262075,0.615,0.385,1.0
2025-12-11T05:33:08.872379,0.615,0.385,1.0
2025-12-11T05:33:09.481781,0.615,0.385,1.0
2025-12-11T05:33:10.091246,0.615,0.385,1.0
2025-12-11T05:33:10.718757,0.615,0.385,1.0
2025-12-11T05:33:11.335427,0.615,0.375,0.99
2025-12-11T05:33:11.949915,0.625,0.385,1.01
2025-12-11T05:33:12.565646,0.625,0.37,0.995
2025-12-11T05:33:13.170442,0.645,0.355,1.0
2025-12-11T05:33:13.790285,0.645,0.355,1.0
2025-12-11T05:33:14.403451,0.645,0.355,1.0
2025-12-11T05:33:15.021504,0.645,0.355,1.0
2025-12-11T05:33:15.635863,0.645,0.355,1.0
2025-12-11T05:33:16.250729,0.645,0.355,1.0
2025-12-11T05:33:16.876639,0.645,0.355,1.0
2025-12-11T05:33:17.493854,0.645,0.355,1.0
2025-12-11T05:33:18.118580,0.645,0.355,1.0
2025-12-11T05:33:18.733323,0.655,0.345,1.0
2025-12-11T05:33:19.345721,0.655,0.345,1.0
2025-12-11T05:33:19.959939,0.655,0.345,1.0
2025-12-11T05:33:20.578452,0.655,0.345,1.0
2025-12-11T05:33:21.180193,0.645,0.355,1.0
2025-12-11T05:33:21.797862,0.645,0.355,1.0
2025-12-11T05:33:22.411376,0.645,0.355,1.0
2025-12-11T05:33:23.024943,0.66,0.34,1.0
2025-12-11T05:33:23.639959,0.68,0.32,1.0
2025-12-11T05:33:24.263262,0.665,0.335,1.0
2025-12-11T05:33:24.877504,0.665,0.335,1.0
2025-12-11T05:33:25.492709,0.665,0.335,1.0
2025-12-11T05:33:26.104916,0.665,0.335,1.0
2025-12-11T05:33:26.723943,0.665,0.335,1.0
2025-12-11T05:33:27.334266,0.665,0.335,1.0
2025-12-11T05:33:27.945661,0.655,0.345,1.0
2025-12-11T05:33:28.552064,0.65,0.355,1.005
2025-12-11T05:33:29.147418,0.645,0.355,1.0
2025-12-11T05:33:29.757142,0.645,0.355,1.0
2025-12-11T05:33:30.365175,0.645,0.355,1.0
2025-12-11T05:33:30.976369,0.64,0.36,1.0
2025-12-11T05:33:31.622123,0.635,0.365,1.0
2025-12-11T05:33:30.644241,0.635,0.365,1.0
2025-12-11T05:33:31.258624,0.635,0.365,1.0
2025-12-11T05:33:31.870968,0.635,0.365,1.0
2025-12-11T05:33:32.483828,0.625,0.375,1.0
2025-12-11T05:33:33.093726,0.635,0.365,1.0
2025-12-11T05:33:33.703247,0.635,0.365,1.0
2025-12-11T05:33:34.313006,0.625,0.375,1.0
2025-12-11T05:33:34.922601,0.625,0.375,1.0
2025-12-11T05:33:35.526142,0.625,0.375,1.0
2025-12-11T05:33:36.123678,0.625,0.375,1.0
2025-12-11T05:33:36.730535,0.615,0.385,1.0
2025-12-11T05:33:37.326394,0.615,0.385,1.0
2025-12-11T05:33:37.933916,0.615,0.385,1.0
2025-12-11T05:33:38.551623,0.605,0.395,1.0
2025-12-11T05:33:39.165186,0.605,0.395,1.0
2025-12-11T05:33:39.773414,0.605,0.395,1.0
2025-12-11T05:33:40.382246,0.605,0.395,1.0
2025-12-11T05:33:40.996655,0.605,0.395,1.0
2025-12-11T05:33:41.605824,0.605,0.395,1.0
2025-12-11T05:33:42.222894,0.605,0.395,1.0
2025-12-11T05:33:42.834552,0.605,0.395,1.0
2025-12-11T05:33:43.449002,0.605,0.395,1.0
2025-12-11T05:33:44.061381,0.605,0.395,1.0
2025-12-11T05:33:44.672349,0.605,0.395,1.0
2025-12-11T05:33:45.268733,0.605,0.395,1.0
2025-12-11T05:33:45.879482,0.615,0.385,1.0
2025-12-11T05:33:46.489153,0.625,0.375,1.0
2025-12-11T05:33:47.101879,0.64,0.36,1.0
2025-12-11T05:33:47.708897,0.645,0.355,1.0
2025-12-11T05:33:48.321255,0.645,0.355,1.0
2025-12-11T05:33:48.930578,0.645,0.355,1.0
2025-12-11T05:33:49.544164,0.655,0.345,1.0
2025-12-11T05:33:50.152589,0.665,0.34,1.0050000000000001
2025-12-11T05:33:50.768041,0.665,0.335,1.0
2025-12-11T05:33:51.381681,0.665,0.335,1.0
2025-12-11T05:33:51.982502,0.655,0.345,1.0
2025-12-11T05:33:52.594861,0.655,0.345,1.0
2025-12-11T05:33:53.206270,0.655,0.345,1.0
2025-12-11T05:33:53.814551,0.66,0.34,1.0
2025-12-11T05:33:54.424813,0.665,0.335,1.0
2025-12-11T05:33:55.038004,0.665,0.335,1.0
2025-12-11T05:33:55.640798,0.665,0.335,1.0
2025-12-11T05:33:56.280590,0.675,0.325,1.0
2025-12-11T05:33:56.893619,0.665,0.335,1.0
2025-12-11T05:33:57.514001,0.665,0.335,1.0
2025-12-11T05:33:58.136215,0.665,0.335,1.0
2025-12-11T05:33:58.732630,0.665,0.335,1.0
2025-12-11T05:33:59.340030,0.675,0.325,1.0
2025-12-11T05:33:59.954186,0.675,0.325,1.0
2025-12-11T05:34:00.570571,0.675,0.325,1.0
2025-12-11T05:34:01.186970,0.675,0.325,1.0
2025-12-11T05:34:01.800049,0.675,0.325,1.0
2025-12-11T05:34:02.417068,0.685,0.315,1.0
2025-12-11T05:34:01.483258,0.685,0.315,1.0
2025-12-11T05:34:02.097803,0.685,0.315,1.0
2025-12-11T05:34:02.708956,0.675,0.325,1.0
2025-12-11T05:34:03.323486,0.68,0.32,1.0
2025-12-11T05:34:03.935245,0.675,0.325,1.0
2025-12-11T05:34:04.546233,0.675,0.325,1.0
2025-12-11T05:34:05.156108,0.675,0.325,1.0
2025-12-11T05:34:05.769069,0.675,0.325,1.0
2025-12-11T05:34:06.364581,0.675,0.325,1.0
2025-12-11T05:34:06.979481,0.665,0.335,1.0
2025-12-11T05:34:07.590440,0.675,0.325,1.0
2025-12-11T05:34:08.208922,0.675,0.325,1.0
2025-12-11T05:34:08.826294,0.675,0.325,1.0
2025-12-11T05:34:09.440725,0.675,0.325,1.0
2025-12-11T05:34:10.039918,0.675,0.325,1.0
2025-12-11T05:34:10.643869,0.67,0.33,1.0
2025-12-11T05:34:11.257767,0.685,0.315,1.0
2025-12-11T05:34:11.867900,0.685,0.32,1.0050000000000001
2025-12-11T05:34:12.481340,0.675,0.325,1.0
2025-12-11T05:34:13.091618,0.675,0.32,0.9950000000000001
2025-12-11T05:34:13.702320,0.68,0.32,1.0
2025-12-11T05:34:14.313302,0.675,0.32,0.9950000000000001
2025-12-11T05:34:14.931204,0.675,0.325,1.0
2025-12-11T05:34:15.542452,0.675,0.32,0.9950000000000001
2025-12-11T05:34:16.158504,0.675,0.325,1.0
2025-12-11T05:34:16.763486,0.675,0.325,1.0
2025-12-11T05:34:17.373294,0.675,0.325,1.0
2025-12-11T05:34:17.975696,0.675,0.325,1.0
2025-12-11T05:34:18.579361,0.675,0.325,1.0
2025-12-11T05:34:19.180179,0.675,0.325,1.0
2025-12-11T05:34:19.783188,0.675,0.325,1.0
2025-12-11T05:34:20.392694,0.675,0.325,1.0
2025-12-11T05:34:21.003073,0.675,0.325,1.0
2025-12-11T05:34:21.610314,0.675,0.325,1.0
2025-12-11T05:34:22.223944,0.675,0.325,1.0
2025-12-11T05:34:22.832272,0.675,0.325,1.0
2025-12-11T05:34:23.450889,0.675,0.325,1.0
2025-12-11T05:34:24.054659,0.675,0.325,1.0
2025-12-11T05:34:24.662003,0.67,0.33,1.0
2025-12-11T05:34:25.268698,0.665,0.335,1.0
2025-12-11T05:34:25.874543,0.675,0.325,1.0
2025-12-11T05:34:26.480234,0.67,0.33,1.0
2025-12-11T05:34:27.079272,0.67,0.33,1.0
2025-12-11T05:34:27.687163,0.665,0.335,1.0
2025-12-11T05:34:28.310114,0.665,0.335,1.0
2025-12-11T05:34:28.904863,0.665,0.335,1.0
2025-12-11T05:34:29.501985,0.665,0.335,1.0
2025-12-11T05:34:30.101231,0.665,0.335,1.0
2025-12-11T05:34:30.742672,0.665,0.335,1.0
2025-12-11T05:34:31.355553,0.665,0.335,1.0
2025-12-11T05:34:31.967372,0.665,0.335,1.0
2025-12-11T05:34:32.565536,0.655,0.345,1.0
2025-12-11T05:34:33.180451,0.655,0.345,1.0
2025-12-11T05:34:32.232453,0.655,0.345,1.0
2025-12-11T05:34:32.847301,0.655,0.345,1.0
2025-12-11T05:34:33.463082,0.655,0.345,1.0
2025-12-11T05:34:34.079496,0.655,0.345,1.0
2025-12-11T05:34:34.700281,0.655,0.345,1.0
2025-12-11T05:34:35.309997,0.655,0.345,1.0
2025-12-11T05:34:35.924051,0.655,0.345,1.0
2025-12-11T05:34:36.525609,0.655,0.345,1.0
2025-12-11T05:34:37.134225,0.655,0.345,1.0
2025-12-11T05:34:37.743456,0.655,0.345,1.0
2025-12-11T05:34:38.365118,0.655,0.345,1.0
2025-12-11T05:34:38.966191,0.655,0.345,1.0
2025-12-11T05:34:39.576995,0.655,0.345,1.0
2025-12-11T05:34:40.188017,0.655,0.345,1.0
2025-12-11T05:34:40.813615,0.655,0.345,1.0
2025-12-11T05:34:41.426235,0.655,0.345,1.0
2025-12-11T05:34:42.048489,0.655,0.345,1.0
2025-12-11T05:34:42.661839,0.655,0.345,1.0
2025-12-11T05:34:43.271180,0.645,0.355,1.0
2025-12-11T05:34:43.880871,0.645,0.355,1.0
2025-12-11T05:34:44.481683,0.655,0.35,1.005
2025-12-11T05:34:45.101299,0.65,0.35,1.0
2025-12-11T05:34:45.717608,0.65,0.345,0.995
2025-12-11T05:34:46.335331,0.655,0.345,1.0
2025-12-11T05:34:46.947176,0.655,0.345,1.0
2025-12-11T05:34:47.551362,0.65,0.35,1.0
2025-12-11T05:34:48.164071,0.655,0.345,1.0
2025-12-11T05:34:48.771095,0.655,0.335,0.99
2025-12-11T05:34:49.379790,0.675,0.325,1.0
2025-12-11T05:34:49.990130,0.675,0.325,1.0
2025-12-11T05:34:50.600761,0.675,0.325,1.0
2025-12-11T05:34:51.217407,0.675,0.325,1.0
2025-12-11T05:34:51.833838,0.68,0.32,1.0
2025-12-11T05:34:52.429805,0.68,0.32,1.0
2025-12-11T05:34:53.044735,0.68,0.32,1.0
2025-12-11T05:34:53.658055,0.68,0.32,1.0
2025-12-11T05:34:54.266142,0.675,0.325,1.0
2025-12-11T05:34:54.878097,0.675,0.325,1.0
2025-12-11T05:34:55.485214,0.675,0.325,1.0
2025-12-11T05:34:56.099042,0.665,0.34,1.0050000000000001
2025-12-11T05:34:56.707088,0.66,0.34,1.0
2025-12-11T05:34:57.317426,0.665,0.335,1.0
2025-12-11T05:34:57.928393,0.665,0.335,1.0
2025-12-11T05:34:58.540327,0.665,0.335,1.0
2025-12-11T05:34:59.145664,0.665,0.335,1.0
2025-12-11T05:34:59.755400,0.665,0.335,1.0
2025-12-11T05:35:00.368283,0.665,0.335,1.0
2025-12-11T05:35:00.981311,0.665,0.335,1.0
2025-12-11T05:35:01.596037,0.665,0.335,1.0
2025-12-11T05:35:02.205646,0.665,0.335,1.0
2025-12-11T05:35:02.819196,0.665,0.335,1.0
2025-12-11T05:35:03.431320,0.665,0.335,1.0
2025-12-11T05:35:02.480813,0.655,0.345,1.0
2025-12-11T05:35:03.094182,0.645,0.355,1.0
2025-12-11T05:35:03.709406,0.655,0.345,1.0
2025-12-11T05:35:04.320377,0.655,0.345,1.0
2025-12-11T05:35:04.933868,0.655,0.345,1.0
2025-12-11T05:35:05.540561,0.665,0.335,1.0
2025-12-11T05:35:06.155869,0.63,0.37,1.0
2025-12-11T05:35:06.777889,0.63,0.37,1.0
2025-12-11T05:35:07.392484,0.635,0.365,1.0
2025-12-11T05:35:08.006030,0.635,0.365,1.0
2025-12-11T05:35:08.616195,0.635,0.365,1.0
2025-12-11T05:35:09.235629,0.635,0.365,1.0
2025-12-11T05:35:09.851718,0.645,0.355,1.0
2025-12-11T05:35:10.461517,0.655,0.345,1.0
2025-12-11T05:35:11.075377,0.67,0.335,1.0050000000000001
2025-12-11T05:35:11.693035,0.665,0.335,1.0
2025-12-11T05:35:12.305982,0.67,0.33,1.0
2025-12-11T05:35:12.963676,0.665,0.335,1.0
2025-12-11T05:35:13.580156,0.665,0.335,1.0
2025-12-11T05:35:14.239599,0.665,0.33,0.9950000000000001
2025-12-11T05:35:14.853968,0.67,0.33,1.0
2025-12-11T05:35:15.466706,0.67,0.33,1.0
2025-12-11T05:35:16.083979,0.67,0.33,1.0
2025-12-11T05:35:16.690515,0.665,0.335,1.0
2025-12-11T05:35:17.295942,0.665,0.335,1.0
2025-12-11T05:35:17.892916,0.665,0.335,1.0
2025-12-11T05:35:18.487871,0.665,0.335,1.0
2025-12-11T05:35:19.098075,0.67,0.325,0.9950000000000001
2025-12-11T05:35:19.713668,0.7,0.3,1.0
2025-12-11T05:35:20.315832,0.7,0.3,1.0
2025-12-11T05:35:20.927911,0.7,0.3,1.0
2025-12-11T05:35:21.543107,0.7,0.3,1.0
2025-12-11T05:35:22.153321,0.7,0.3,1.0
2025-12-11T05:35:22.762732,0.705,0.295,1.0
2025-12-11T05:35:23.372961,0.695,0.305,1.0
2025-12-11T05:35:23.986328,0.695,0.305,1.0
2025-12-11T05:35:24.600753,0.705,0.295,1.0
2025-12-11T05:35:25.211874,0.695,0.305,1.0
2025-12-11T05:35:25.820196,0.695,0.305,1.0
2025-12-11T05:35:26.433951,0.695,0.305,1.0
2025-12-11T05:35:27.041509,0.695,0.305,1.0
2025-12-11T05:35:27.643942,0.695,0.305,1.0
2025-12-11T05:35:28.260849,0.695,0.305,1.0
2025-12-11T05:35:28.871654,0.695,0.305,1.0
2025-12-11T05:35:29.486187,0.705,0.295,1.0
2025-12-11T05:35:30.100234,0.705,0.295,1.0
2025-12-11T05:35:30.718705,0.705,0.295,1.0
2025-12-11T05:35:31.339418,0.705,0.295,1.0
2025-12-11T05:35:31.953992,0.705,0.295,1.0
2025-12-11T05:35:32.567108,0.705,0.295,1.0
2025-12-11T05:35:33.179368,0.705,0.295,1.0
2025-12-11T05:35:33.794599,0.705,0.295,1.0
2025-12-11T05:35:34.403572,0.715,0.285,1.0
2025-12-11T05:35:33.440193,0.715,0.285,1.0
2025-12-11T05:35:34.054981,0.715,0.285,1.0
2025-12-11T05:35:34.663910,0.715,0.28,0.995
2025-12-11T05:35:35.273541,0.72,0.28,1.0
2025-12-11T05:35:35.884292,0.715,0.285,1.0
2025-12-11T05:35:36.500341,0.715,0.285,1.0
2025-12-11T05:35:37.114196,0.715,0.285,1.0
2025-12-11T05:35:38.403628,0.72,0.28,1.0
2025-12-11T05:35:39.018506,0.715,0.285,1.0
2025-12-11T05:35:39.633489,0.72,0.275,0.995
2025-12-11T05:35:40.254344,0.72,0.28,1.0
2025-12-11T05:35:40.861182,0.72,0.28,1.0
2025-12-11T05:35:41.478646,0.72,0.28,1.0
2025-12-11T05:35:42.091834,0.715,0.285,1.0
2025-12-11T05:35:42.708842,0.715,0.285,1.0
2025-12-11T05:35:43.322564,0.715,0.285,1.0
2025-12-11T05:35:43.935712,0.715,0.285,1.0
2025-12-11T05:35:44.559756,0.715,0.285,1.0
2025-12-11T05:35:45.174690,0.725,0.275,1.0
2025-12-11T05:35:45.790212,0.725,0.275,1.0
2025-12-11T05:35:46.403019,0.735,0.265,1.0
2025-12-11T05:35:47.019486,0.725,0.275,1.0
2025-12-11T05:35:47.633146,0.73,0.275,1.005
2025-12-11T05:35:48.233309,0.73,0.27,1.0
2025-12-11T05:35:48.852286,0.73,0.27,1.0
2025-12-11T05:35:49.457728,0.73,0.27,1.0
2025-12-11T05:35:50.069198,0.73,0.27,1.0
2025-12-11T05:35:50.682622,0.735,0.265,1.0
2025-12-11T05:35:51.303671,0.73,0.265,0.995
2025-12-11T05:35:51.919373,0.73,0.27,1.0
2025-12-11T05:35:52.526647,0.73,0.27,1.0
2025-12-11T05:35:53.142585,0.735,0.265,1.0
2025-12-11T05:35:53.763521,0.735,0.265,1.0
2025-12-11T05:35:54.376837,0.735,0.265,1.0
2025-12-11T05:35:55.002762,0.735,0.265,1.0
2025-12-11T05:35:55.625048,0.735,0.265,1.0
2025-12-11T05:35:56.220071,0.735,0.265,1.0
2025-12-11T05:35:56.922862,0.735,0.265,1.0
2025-12-11T05:35:57.535532,0.735,0.265,1.0
2025-12-11T05:35:58.156177,0.735,0.265,1.0
2025-12-11T05:35:58.766668,0.735,0.265,1.0
2025-12-11T05:35:59.389417,0.75,0.25,1.0
2025-12-11T05:36:00.006344,0.755,0.245,1.0
2025-12-11T05:36:00.628902,0.74,0.26,1.0
2025-12-11T05:36:01.245238,0.74,0.26,1.0
2025-12-11T05:36:01.865459,0.735,0.26,0.995
2025-12-11T05:36:02.504008,0.745,0.255,1.0
2025-12-11T05:36:03.122232,0.735,0.26,0.995
2025-12-11T05:36:03.741941,0.735,0.265,1.0
2025-12-11T05:36:04.359772,0.735,0.27,1.005
2025-12-11T05:36:04.973453,0.725,0.275,1.0
2025-12-11T05:36:04.021594,0.725,0.275,1.0
2025-12-11T05:36:04.634935,0.725,0.275,1.0
2025-12-11T05:36:05.249793,0.725,0.275,1.0
2025-12-11T05:36:05.869161,0.725,0.275,1.0
2025-12-11T05:36:06.481700,0.725,0.275,1.0
2025-12-11T05:36:07.093600,0.74,0.265,1.005
2025-12-11T05:36:07.709523,0.725,0.275,1.0
2025-12-11T05:36:08.339827,0.735,0.265,1.0
2025-12-11T05:36:08.939993,0.735,0.265,1.0
2025-12-11T05:36:09.549461,0.73,0.27,1.0
2025-12-11T05:36:10.165877,0.725,0.28,1.005
2025-12-11T05:36:10.782544,0.715,0.285,1.0
2025-12-11T05:36:11.400487,0.715,0.285,1.0
2025-12-11T05:36:12.011123,0.715,0.285,1.0
2025-12-11T05:36:12.632927,0.715,0.285,1.0
2025-12-11T05:36:13.241413,0.725,0.275,1.0
2025-12-11T05:36:13.854892,0.715,0.285,1.0
2025-12-11T05:36:14.465692,0.72,0.28,1.0
2025-12-11T05:36:15.083084,0.72,0.28,1.0
2025-12-11T05:36:15.692861,0.725,0.275,1.0
2025-12-11T05:36:16.298717,0.715,0.285,1.0
2025-12-11T05:36:16.917082,0.715,0.285,1.0
2025-12-11T05:36:17.532346,0.715,0.285,1.0
2025-12-11T05:36:18.137049,0.715,0.285,1.0
2025-12-11T05:36:18.746261,0.715,0.285,1.0
2025-12-11T05:36:19.426014,0.715,0.285,1.0
2025-12-11T05:36:20.035764,0.715,0.285,1.0
2025-12-11T05:36:20.647911,0.71,0.31,1.02
2025-12-11T05:36:21.268517,0.665,0.335,1.0
2025-12-11T05:36:21.889071,0.665,0.33,0.9950000000000001
2025-12-11T05:36:22.511796,0.67,0.325,0.9950000000000001
2025-12-11T05:36:23.135441,0.675,0.325,1.0
2025-12-11T05:36:23.741871,0.685,0.315,1.0
2025-12-11T05:36:24.364796,0.685,0.315,1.0
2025-12-11T05:36:24.980405,0.685,0.315,1.0
2025-12-11T05:36:25.596748,0.685,0.315,1.0
2025-12-11T05:36:26.212877,0.685,0.315,1.0
2025-12-11T05:36:26.837506,0.685,0.315,1.0
2025-12-11T05:36:27.455315,0.69,0.31,1.0
2025-12-11T05:36:28.076162,0.69,0.31,1.0
2025-12-11T05:36:28.695694,0.695,0.305,1.0
2025-12-11T05:36:29.321710,0.695,0.305,1.0
2025-12-11T05:36:29.953720,0.695,0.305,1.0
2025-12-11T05:36:30.580719,0.695,0.305,1.0
2025-12-11T05:36:31.187911,0.695,0.305,1.0
2025-12-11T05:36:31.786242,0.695,0.305,1.0
2025-12-11T05:36:32.396398,0.695,0.305,1.0
2025-12-11T05:36:33.005722,0.695,0.305,1.0
2025-12-11T05:36:33.620866,0.695,0.305,1.0
2025-12-11T05:36:34.236730,0.705,0.295,1.0
2025-12-11T05:36:34.854900,0.705,0.295,1.0
2025-12-11T05:36:35.469456,0.71,0.29,1.0
2025-12-11T05:36:34.512398,0.715,0.285,1.0
2025-12-11T05:36:35.125066,0.715,0.285,1.0
2025-12-11T05:36:35.744733,0.715,0.285,1.0
2025-12-11T05:36:36.370705,0.715,0.285,1.0
2025-12-11T05:36:36.978984,0.715,0.285,1.0
2025-12-11T05:36:37.593510,0.715,0.285,1.0
2025-12-11T05:36:38.193673,0.715,0.285,1.0
2025-12-11T05:36:38.810308,0.715,0.285,1.0
2025-12-11T05:36:39.420322,0.715,0.285,1.0
2025-12-11T05:36:40.035539,0.715,0.285,1.0
2025-12-11T05:36:40.665121,0.725,0.275,1.0
2025-12-11T05:36:41.283871,0.72,0.28,1.0
2025-12-11T05:36:41.896415,0.725,0.275,1.0
2025-12-11T05:36:42.503662,0.745,0.255,1.0
2025-12-11T05:36:43.117830,0.745,0.255,1.0
2025-12-11T05:36:43.725866,0.745,0.255,1.0
2025-12-11T05:36:44.334010,0.755,0.245,1.0
2025-12-11T05:36:44.956659,0.755,0.245,1.0
2025-12-11T05:36:45.569425,0.755,0.245,1.0
2025-12-11T05:36:46.177046,0.765,0.235,1.0
2025-12-11T05:36:46.788980,0.765,0.235,1.0
2025-12-11T05:36:47.406022,0.775,0.225,1.0
2025-12-11T05:36:48.020291,0.77,0.23,1.0
2025-12-11T05:36:48.637990,0.77,0.23,1.0
2025-12-11T05:36:49.268999,0.765,0.23,0.995
2025-12-11T05:36:49.904326,0.77,0.23,1.0
2025-12-11T05:36:50.519784,0.77,0.23,1.0
2025-12-11T05:36:51.135516,0.775,0.225,1.0
2025-12-11T05:36:51.749407,0.785,0.215,1.0
2025-12-11T05:36:52.428472,0.785,0.215,1.0
2025-12-11T05:36:53.037558,0.785,0.215,1.0
2025-12-11T05:36:53.650612,0.785,0.215,1.0
2025-12-11T05:36:54.255131,0.785,0.215,1.0
2025-12-11T05:36:54.871364,0.785,0.215,1.0
2025-12-11T05:36:55.486275,0.775,0.225,1.0
2025-12-11T05:36:56.099513,0.78,0.22,1.0
2025-12-11T05:36:56.712829,0.78,0.22,1.0
2025-12-11T05:36:57.337448,0.775,0.225,1.0
2025-12-11T05:36:57.961354,0.775,0.225,1.0
2025-12-11T05:36:58.583296,0.775,0.225,1.0
2025-12-11T05:36:59.211500,0.775,0.225,1.0
2025-12-11T05:36:59.827615,0.78,0.22,1.0
2025-12-11T05:37:00.439134,0.775,0.225,1.0
2025-12-11T05:37:01.047497,0.775,0.225,1.0
2025-12-11T05:37:01.663011,0.775,0.22,0.995
2025-12-11T05:37:02.260586,0.775,0.225,1.0
2025-12-11T05:37:02.906968,0.775,0.225,1.0
2025-12-11T05:37:03.517246,0.785,0.215,1.0
2025-12-11T05:37:04.126768,0.785,0.215,1.0
2025-12-11T05:37:04.746292,0.785,0.205,0.99
2025-12-11T05:37:05.371526,0.795,0.205,1.0
2025-12-11T05:37:06.004000,0.795,0.205,1.0
2025-12-11T05:37:06.641494,0.805,0.195,1.0
2025-12-11T05:37:05.682735,0.805,0.195,1.0
2025-12-11T05:37:06.293845,0.805,0.195,1.0
2025-12-11T05:37:06.916319,0.815,0.185,1.0
2025-12-11T05:37:07.531268,0.815,0.185,1.0
2025-12-11T05:37:08.150622,0.815,0.185,1.0
2025-12-11T05:37:08.753068,0.815,0.185,1.0
2025-12-11T05:37:09.366800,0.82,0.18,1.0
2025-12-11T05:37:09.985764,0.82,0.18,1.0
2025-12-11T05:37:10.602906,0.825,0.175,1.0
2025-12-11T05:37:11.214438,0.825,0.175,1.0
2025-12-11T05:37:11.828592,0.805,0.195,1.0
2025-12-11T05:37:12.439837,0.805,0.195,1.0
2025-12-11T05:37:13.058409,0.82,0.18,1.0
2025-12-11T05:37:13.667206,0.82,0.18,1.0
2025-12-11T05:37:14.282172,0.825,0.175,1.0
2025-12-11T05:37:14.896601,0.815,0.185,1.0
2025-12-11T05:37:15.507755,0.82,0.18,1.0
2025-12-11T05:37:16.117872,0.825,0.175,1.0
2025-12-11T05:37:16.728513,0.825,0.175,1.0
2025-12-11T05:37:17.339855,0.815,0.185,1.0
2025-12-11T05:37:17.957095,0.815,0.185,1.0
2025-12-11T05:37:18.621478,0.805,0.195,1.0
2025-12-11T05:37:19.235001,0.8,0.2,1.0
2025-12-11T05:37:19.845645,0.8,0.2,1.0
2025-12-11T05:37:20.458899,0.795,0.205,1.0
2025-12-11T05:37:21.074650,0.795,0.205,1.0
2025-12-11T05:37:21.699804,0.795,0.205,1.0
2025-12-11T05:37:22.320573,0.795,0.205,1.0
2025-12-11T05:37:22.935998,0.795,0.205,1.0
2025-12-11T05:37:23.552316,0.795,0.205,1.0
2025-12-11T05:37:24.167977,0.795,0.205,1.0
2025-12-11T05:37:24.780542,0.795,0.205,1.0
2025-12-11T05:37:25.388777,0.795,0.205,1.0
2025-12-11T05:37:26.002389,0.79,0.21,1.0
2025-12-11T05:37:26.617657,0.805,0.195,1.0
2025-12-11T05:37:27.234257,0.8,0.2,1.0
2025-12-11T05:37:27.852065,0.795,0.205,1.0
2025-12-11T05:37:28.468786,0.8,0.2,1.0
2025-12-11T05:37:29.082394,0.8,0.2,1.0
2025-12-11T05:37:29.691850,0.795,0.205,1.0
2025-12-11T05:37:30.303865,0.795,0.205,1.0
2025-12-11T05:37:30.918853,0.795,0.205,1.0
2025-12-11T05:37:31.537982,0.795,0.205,1.0
2025-12-11T05:37:32.154771,0.8,0.2,1.0
2025-12-11T05:37:32.776891,0.795,0.205,1.0
2025-12-11T05:37:33.390047,0.795,0.205,1.0
2025-12-11T05:37:34.013074,0.795,0.205,1.0
2025-12-11T05:37:34.628197,0.795,0.205,1.0
2025-12-11T05:37:35.243740,0.795,0.205,1.0
2025-12-11T05:37:35.863115,0.785,0.215,1.0
2025-12-11T05:37:36.496084,0.79,0.21,1.0
2025-12-11T05:37:37.118955,0.79,0.21,1.0
2025-12-11T05:37:36.171960,0.79,0.21,1.0
2025-12-11T05:37:36.785082,0.795,0.205,1.0
2025-12-11T05:37:37.394762,0.795,0.205,1.0
2025-12-11T05:37:38.012141,0.805,0.195,1.0
2025-12-11T05:37:38.625218,0.795,0.215,1.01
2025-12-11T05:37:39.244999,0.76,0.24,1.0
2025-12-11T05:37:39.859344,0.775,0.225,1.0
2025-12-11T05:37:40.473931,0.765,0.235,1.0
2025-12-11T05:37:41.089603,0.765,0.235,1.0
2025-12-11T05:37:41.703876,0.76,0.245,1.005
2025-12-11T05:37:42.315809,0.75,0.255,1.005
2025-12-11T05:37:42.927796,0.735,0.265,1.0
2025-12-11T05:37:43.538977,0.735,0.265,1.0
2025-12-11T05:37:44.168446,0.735,0.265,1.0
2025-12-11T05:37:44.778909,0.735,0.265,1.0
2025-12-11T05:37:45.392512,0.735,0.265,1.0
2025-12-11T05:37:46.009526,0.735,0.265,1.0
2025-12-11T05:37:46.622768,0.73,0.27,1.0
2025-12-11T05:37:47.233932,0.725,0.275,1.0
2025-12-11T05:37:47.858067,0.725,0.275,1.0
2025-12-11T05:37:48.509066,0.725,0.275,1.0
2025-12-11T05:37:49.119028,0.715,0.285,1.0
2025-12-11T05:37:49.731375,0.715,0.285,1.0
2025-12-11T05:37:50.346392,0.715,0.285,1.0
2025-12-11T05:37:50.955386,0.715,0.285,1.0
2025-12-11T05:37:51.566396,0.705,0.295,1.0
2025-12-11T05:37:52.173604,0.705,0.295,1.0
2025-12-11T05:37:52.808551,0.69,0.31,1.0
2025-12-11T05:37:53.424210,0.685,0.315,1.0
2025-12-11T05:37:54.031770,0.685,0.315,1.0
2025-12-11T05:37:54.651538,0.685,0.315,1.0
2025-12-11T05:37:55.261215,0.685,0.315,1.0
2025-12-11T05:37:55.876584,0.685,0.315,1.0
2025-12-11T05:37:56.487224,0.685,0.315,1.0
2025-12-11T05:37:57.105176,0.685,0.315,1.0
2025-12-11T05:37:57.714374,0.69,0.31,1.0
2025-12-11T05:37:58.326978,0.69,0.31,1.0
2025-12-11T05:37:58.949539,0.69,0.31,1.0
2025-12-11T05:37:59.560748,0.69,0.31,1.0
2025-12-11T05:38:00.179723,0.69,0.31,1.0
2025-12-11T05:38:00.788241,0.685,0.315,1.0
2025-12-11T05:38:01.399876,0.685,0.315,1.0
2025-12-11T05:38:02.019473,0.685,0.31,0.9950000000000001
2025-12-11T05:38:02.629993,0.695,0.305,1.0
2025-12-11T05:38:03.236988,0.695,0.295,0.99
2025-12-11T05:38:03.847476,0.705,0.295,1.0
2025-12-11T05:38:04.452018,0.705,0.295,1.0
2025-12-11T05:38:05.054728,0.7,0.3,1.0
2025-12-11T05:38:05.660816,0.69,0.305,0.9949999999999999
2025-12-11T05:38:06.270849,0.7,0.3,1.0
2025-12-11T05:38:06.887171,0.695,0.305,1.0
2025-12-11T05:38:07.483423,0.675,0.325,1.0
2025-12-11T05:38:06.533595,0.675,0.325,1.0
2025-12-11T05:38:07.148780,0.675,0.325,1.0
2025-12-11T05:38:07.767696,0.685,0.315,1.0
2025-12-11T05:38:08.379919,0.685,0.315,1.0
2025-12-11T05:38:08.995736,0.685,0.315,1.0
2025-12-11T05:38:09.609662,0.685,0.315,1.0
2025-12-11T05:38:10.208171,0.685,0.315,1.0
2025-12-11T05:38:10.814183,0.685,0.31,0.9950000000000001
2025-12-11T05:38:11.419370,0.69,0.31,1.0
2025-12-11T05:38:12.032167,0.69,0.31,1.0
2025-12-11T05:38:12.625528,0.685,0.315,1.0
2025-12-11T05:38:13.232792,0.675,0.325,1.0
2025-12-11T05:38:13.837808,0.675,0.325,1.0
2025-12-11T05:38:14.439846,0.675,0.325,1.0
2025-12-11T05:38:15.042630,0.685,0.315,1.0
2025-12-11T05:38:15.635602,0.685,0.315,1.0
2025-12-11T05:38:16.241429,0.685,0.315,1.0
2025-12-11T05:38:16.843075,0.685,0.315,1.0
2025-12-11T05:38:17.440924,0.685,0.315,1.0
2025-12-11T05:38:18.057367,0.685,0.315,1.0
2025-12-11T05:38:18.656964,0.68,0.325,1.0050000000000001
2025-12-11T05:38:19.261252,0.675,0.325,1.0
2025-12-11T05:38:19.864916,0.675,0.325,1.0
2025-12-11T05:38:20.460344,0.675,0.325,1.0
2025-12-11T05:38:21.054508,0.67,0.33,1.0
2025-12-11T05:38:21.665727,0.675,0.325,1.0
2025-12-11T05:38:22.275698,0.675,0.325,1.0
2025-12-11T05:38:22.876932,0.675,0.325,1.0
2025-12-11T05:38:23.485057,0.675,0.33,1.0050000000000001
2025-12-11T05:38:24.100578,0.665,0.335,1.0
2025-12-11T05:38:24.708504,0.665,0.335,1.0
2025-12-11T05:38:25.324607,0.665,0.335,1.0
2025-12-11T05:38:25.942434,0.665,0.335,1.0
2025-12-11T05:38:26.553271,0.665,0.335,1.0
2025-12-11T05:38:27.182709,0.675,0.325,1.0
2025-12-11T05:38:27.796450,0.695,0.305,1.0
2025-12-11T05:38:28.413986,0.695,0.305,1.0
2025-12-11T05:38:29.044185,0.695,0.305,1.0
2025-12-11T05:38:29.657446,0.665,0.335,1.0
2025-12-11T05:38:30.273661,0.665,0.335,1.0
2025-12-11T05:38:30.892064,0.665,0.335,1.0
2025-12-11T05:38:31.506413,0.665,0.335,1.0
2025-12-11T05:38:32.116659,0.665,0.335,1.0
2025-12-11T05:38:32.725071,0.665,0.335,1.0
2025-12-11T05:38:33.341955,0.665,0.335,1.0
2025-12-11T05:38:33.957041,0.665,0.335,1.0
2025-12-11T05:38:34.567308,0.665,0.335,1.0
2025-12-11T05:38:35.182362,0.66,0.34,1.0
2025-12-11T05:38:35.795288,0.66,0.34,1.0
2025-12-11T05:38:36.411043,0.655,0.345,1.0
2025-12-11T05:38:37.022429,0.645,0.355,1.0
2025-12-11T05:38:37.639505,0.635,0.365,1.0
2025-12-11T05:38:38.258414,0.635,0.365,1.0
2025-12-11T05:38:37.246291,0.625,0.375,1.0
2025-12-11T05:38:37.852851,0.615,0.385,1.0
2025-12-11T05:38:38.469275,0.615,0.385,1.0
2025-12-11T05:38:39.081053,0.605,0.39,0.995
2025-12-11T05:38:39.692455,0.605,0.395,1.0
2025-12-11T05:38:40.315347,0.605,0.395,1.0
2025-12-11T05:38:40.923630,0.615,0.385,1.0
2025-12-11T05:38:41.529130,0.615,0.385,1.0
2025-12-11T05:38:42.203754,0.615,0.385,1.0
2025-12-11T05:38:42.812722,0.605,0.395,1.0
2025-12-11T05:38:43.422207,0.605,0.395,1.0
2025-12-11T05:38:44.031864,0.61,0.39,1.0
2025-12-11T05:38:44.637731,0.61,0.39,1.0
2025-12-11T05:38:45.252406,0.61,0.39,1.0
2025-12-11T05:38:45.859722,0.61,0.39,1.0
2025-12-11T05:38:46.468208,0.605,0.395,1.0
2025-12-11T05:38:47.070189,0.605,0.395,1.0
2025-12-11T05:38:47.676748,0.605,0.395,1.0
2025-12-11T05:38:48.292413,0.605,0.395,1.0
2025-12-11T05:38:48.908418,0.605,0.395,1.0
2025-12-11T05:38:49.530982,0.595,0.405,1.0
2025-12-11T05:38:50.147740,0.595,0.405,1.0
2025-12-11T05:38:50.769383,0.59,0.41,1.0
2025-12-11T05:38:51.382957,0.585,0.415,1.0
2025-12-11T05:38:51.994271,0.585,0.415,1.0
2025-12-11T05:38:52.610264,0.585,0.415,1.0
2025-12-11T05:38:53.228254,0.595,0.41,1.005
2025-12-11T05:38:53.853448,0.585,0.415,1.0
2025-12-11T05:38:54.474070,0.585,0.415,1.0
2025-12-11T05:38:55.090188,0.595,0.405,1.0
2025-12-11T05:38:55.704704,0.595,0.405,1.0
2025-12-11T05:38:56.320547,0.595,0.405,1.0
2025-12-11T05:38:56.935048,0.585,0.415,1.0
2025-12-11T05:38:57.552473,0.585,0.415,1.0
2025-12-11T05:38:58.164829,0.585,0.415,1.0
2025-12-11T05:38:58.772499,0.585,0.415,1.0
2025-12-11T05:38:59.382412,0.595,0.405,1.0
2025-12-11T05:38:59.990545,0.59,0.415,1.005
2025-12-11T05:39:00.605651,0.585,0.415,1.0
2025-12-11T05:39:01.222791,0.585,0.415,1.0
2025-12-11T05:39:01.839951,0.595,0.405,1.0
2025-12-11T05:39:02.456873,0.615,0.385,1.0
2025-12-11T05:39:03.073340,0.65,0.345,0.995
2025-12-11T05:39:03.688438,0.655,0.345,1.0
2025-12-11T05:39:04.299628,0.695,0.305,1.0
2025-12-11T05:39:04.917363,0.725,0.275,1.0
2025-12-11T05:39:05.540132,0.735,0.265,1.0
2025-12-11T05:39:06.150214,0.745,0.255,1.0
2025-12-11T05:39:06.766495,0.765,0.235,1.0
2025-12-11T05:39:07.367637,0.765,0.235,1.0
2025-12-11T05:39:07.968091,0.775,0.225,1.0
2025-12-11T05:39:08.580394,0.775,0.225,1.0
2025-12-11T05:39:09.278556,0.785,0.215,1.0
2025-12-11T05:39:08.314694,0.785,0.21,0.995
2025-12-11T05:39:08.923818,0.815,0.185,1.0
2025-12-11T05:39:09.529655,0.825,0.175,1.0
2025-12-11T05:39:10.135711,0.825,0.175,1.0
2025-12-11T05:39:10.746566,0.82,0.18,1.0
2025-12-11T05:39:11.353066,0.825,0.175,1.0
2025-12-11T05:39:11.961100,0.825,0.175,1.0
2025-12-11T05:39:12.579797,0.82,0.18,1.0
2025-12-11T05:39:13.186246,0.815,0.185,1.0
2025-12-11T05:39:13.789469,0.815,0.185,1.0
2025-12-11T05:39:14.398777,0.815,0.185,1.0
2025-12-11T05:39:15.014454,0.825,0.175,1.0
2025-12-11T05:39:15.623601,0.835,0.165,1.0
2025-12-11T05:39:16.241668,0.835,0.165,1.0
2025-12-11T05:39:16.851441,0.855,0.145,1.0
2025-12-11T05:39:17.463436,0.87,0.15,1.02
2025-12-11T05:39:18.081998,0.865,0.135,1.0
2025-12-11T05:39:18.686062,0.865,0.135,1.0
2025-12-11T05:39:19.295096,0.855,0.145,1.0
2025-12-11T05:39:19.906250,0.855,0.145,1.0
2025-12-11T05:39:20.509729,0.845,0.155,1.0
2025-12-11T05:39:21.117911,0.845,0.155,1.0
2025-12-11T05:39:21.730063,0.845,0.155,1.0
2025-12-11T05:39:22.331565,0.845,0.155,1.0
2025-12-11T05:39:22.949215,0.83,0.175,1.005
2025-12-11T05:39:23.565703,0.805,0.195,1.0
2025-12-11T05:39:24.171348,0.805,0.195,1.0
2025-12-11T05:39:24.762066,0.81,0.195,1.0050000000000001
2025-12-11T05:39:25.362453,0.805,0.195,1.0
2025-12-11T05:39:25.962086,0.81,0.19,1.0
2025-12-11T05:39:26.564732,0.81,0.19,1.0
2025-12-11T05:39:27.172890,0.815,0.185,1.0
2025-12-11T05:39:27.777366,0.815,0.185,1.0
2025-12-11T05:39:28.380364,0.8,0.205,1.0050000000000001
2025-12-11T05:39:28.985680,0.795,0.205,1.0
2025-12-11T05:39:29.578695,0.795,0.205,1.0
2025-12-11T05:39:30.182325,0.795,0.205,1.0
2025-12-11T05:39:30.795501,0.805,0.195,1.0
2025-12-11T05:39:31.412010,0.815,0.185,1.0
2025-12-11T05:39:32.021602,0.805,0.195,1.0
2025-12-11T05:39:32.633192,0.815,0.185,1.0
2025-12-11T05:39:33.237614,0.825,0.175,1.0
2025-12-11T05:39:33.845764,0.835,0.165,1.0
2025-12-11T05:39:34.446123,0.825,0.175,1.0
2025-12-11T05:39:35.049399,0.83,0.17,1.0
2025-12-11T05:39:35.658672,0.835,0.165,1.0
2025-12-11T05:39:36.271958,0.86,0.135,0.995
2025-12-11T05:39:36.874439,0.875,0.13,1.005
2025-12-11T05:39:37.471439,0.855,0.145,1.0
2025-12-11T05:39:38.078772,0.855,0.145,1.0
2025-12-11T05:39:38.678528,0.855,0.15,1.005
2025-12-11T05:39:39.285718,0.85,0.15,1.0
2025-12-11T05:39:39.889880,0.85,0.15,1.0
2025-12-11T05:39:38.963562,0.845,0.155,1.0
2025-12-11T05:39:39.577284,0.835,0.165,1.0
2025-12-11T05:39:40.189269,0.835,0.165,1.0
2025-12-11T05:39:40.797897,0.835,0.165,1.0
2025-12-11T05:39:41.409104,0.835,0.165,1.0
2025-12-11T05:39:42.001818,0.835,0.165,1.0
2025-12-11T05:39:42.612266,0.84,0.165,1.005
2025-12-11T05:39:43.211844,0.835,0.165,1.0
2025-12-11T05:39:43.817048,0.835,0.165,1.0
2025-12-11T05:39:44.423502,0.835,0.165,1.0
2025-12-11T05:39:45.031171,0.835,0.165,1.0
2025-12-11T05:39:45.632218,0.835,0.165,1.0
2025-12-11T05:39:46.235760,0.835,0.165,1.0
2025-12-11T05:39:46.834574,0.835,0.165,1.0
2025-12-11T05:39:47.461476,0.84,0.16,1.0
2025-12-11T05:39:48.060033,0.845,0.155,1.0
2025-12-11T05:39:48.663495,0.86,0.14,1.0
2025-12-11T05:39:49.322883,0.855,0.145,1.0
2025-12-11T05:39:49.930133,0.85,0.15,1.0
2025-12-11T05:39:50.537844,0.85,0.15,1.0
2025-12-11T05:39:51.145779,0.85,0.15,1.0
2025-12-11T05:39:51.749179,0.845,0.155,1.0
2025-12-11T05:39:52.352708,0.845,0.155,1.0
2025-12-11T05:39:52.953911,0.865,0.135,1.0
2025-12-11T05:39:53.557984,0.865,0.135,1.0
2025-12-11T05:39:54.167600,0.855,0.145,1.0
2025-12-11T05:39:54.773516,0.855,0.145,1.0
2025-12-11T05:39:55.389349,0.855,0.145,1.0
2025-12-11T05:39:56.005191,0.845,0.155,1.0
2025-12-11T05:39:56.612743,0.855,0.145,1.0
2025-12-11T05:39:57.214710,0.855,0.145,1.0
2025-12-11T05:39:57.822816,0.85,0.15,1.0
2025-12-11T05:39:58.426619,0.855,0.145,1.0
2025-12-11T05:39:59.027591,0.85,0.15,1.0
2025-12-11T05:39:59.639623,0.865,0.135,1.0
2025-12-11T05:40:00.246753,0.865,0.135,1.0
2025-12-11T05:40:00.855260,0.865,0.135,1.0
2025-12-11T05:40:01.461266,0.865,0.135,1.0
2025-12-11T05:40:02.054827,0.865,0.135,1.0
2025-12-11T05:40:02.655464,0.875,0.125,1.0
2025-12-11T05:40:03.251952,0.86,0.145,1.005
2025-12-11T05:40:03.855500,0.865,0.115,0.98
2025-12-11T05:40:04.465762,0.885,0.115,1.0
2025-12-11T05:40:05.069179,0.855,0.145,1.0
2025-12-11T05:40:05.669213,0.865,0.135,1.0
2025-12-11T05:40:06.270722,0.835,0.165,1.0
2025-12-11T05:40:06.874371,0.825,0.175,1.0
2025-12-11T05:40:07.465283,0.815,0.185,1.0
2025-12-11T05:40:08.062043,0.81,0.19,1.0
2025-12-11T05:40:08.670756,0.815,0.18,0.9949999999999999
2025-12-11T05:40:09.282059,0.81,0.19,1.0
2025-12-11T05:40:09.950299,0.81,0.19,1.0
2025-12-11T05:40:10.556503,0.795,0.205,1.0
2025-12-11T05:40:09.600033,0.795,0.205,1.0
2025-12-11T05:40:10.200557,0.785,0.215,1.0
2025-12-11T05:40:10.817128,0.795,0.205,1.0
2025-12-11T05:40:11.433459,0.79,0.21,1.0
2025-12-11T05:40:12.046505,0.79,0.21,1.0
2025-12-11T05:40:12.647160,0.785,0.215,1.0
2025-12-11T05:40:13.250802,0.765,0.23,0.995
2025-12-11T05:40:13.860461,0.785,0.215,1.0
2025-12-11T05:40:14.457336,0.785,0.215,1.0
2025-12-11T05:40:15.061741,0.785,0.215,1.0
2025-12-11T05:40:15.666785,0.8,0.2,1.0
2025-12-11T05:40:16.270040,0.805,0.195,1.0
2025-12-11T05:40:16.875173,0.805,0.195,1.0
2025-12-11T05:40:17.484158,0.805,0.195,1.0
2025-12-11T05:40:18.093518,0.79,0.205,0.995
2025-12-11T05:40:18.696525,0.785,0.215,1.0
2025-12-11T05:40:19.358531,0.785,0.205,0.99
2025-12-11T05:40:20.009801,0.795,0.205,1.0
2025-12-11T05:40:20.609262,0.795,0.205,1.0
2025-12-11T05:40:21.259287,0.795,0.21,1.0050000000000001
2025-12-11T05:40:21.859688,0.775,0.225,1.0
2025-12-11T05:40:22.463263,0.775,0.225,1.0
2025-12-11T05:40:23.066577,0.765,0.235,1.0
2025-12-11T05:40:23.665343,0.765,0.235,1.0
2025-12-11T05:40:24.272698,0.765,0.235,1.0
2025-12-11T05:40:24.884634,0.765,0.235,1.0
2025-12-11T05:40:25.480085,0.765,0.235,1.0
2025-12-11T05:40:26.076826,0.765,0.235,1.0
2025-12-11T05:40:26.682086,0.765,0.235,1.0
2025-12-11T05:40:27.284604,0.765,0.235,1.0
2025-12-11T05:40:27.889303,0.765,0.235,1.0
2025-12-11T05:40:28.496196,0.765,0.235,1.0
2025-12-11T05:40:29.100770,0.765,0.235,1.0
2025-12-11T05:40:29.702553,0.765,0.235,1.0
2025-12-11T05:40:30.307644,0.765,0.235,1.0
2025-12-11T05:40:30.918207,0.765,0.235,1.0
2025-12-11T05:40:31.526868,0.765,0.235,1.0
2025-12-11T05:40:32.138999,0.765,0.235,1.0
2025-12-11T05:40:32.750312,0.765,0.235,1.0
2025-12-11T05:40:33.366503,0.765,0.235,1.0
2025-12-11T05:40:33.969217,0.765,0.235,1.0
2025-12-11T05:40:34.578247,0.77,0.225,0.995
2025-12-11T05:40:35.186025,0.775,0.225,1.0
2025-12-11T05:40:35.782987,0.785,0.215,1.0
2025-12-11T05:40:36.387667,0.79,0.21,1.0
2025-12-11T05:40:37.004445,0.785,0.215,1.0
2025-12-11T05:40:37.611924,0.795,0.21,1.0050000000000001
2025-12-11T05:40:38.219196,0.795,0.205,1.0
2025-12-11T05:40:38.824633,0.795,0.205,1.0
2025-12-11T05:40:39.426329,0.8,0.2,1.0
2025-12-11T05:40:40.026997,0.805,0.195,1.0
2025-12-11T05:40:40.620431,0.805,0.195,1.0
2025-12-11T05:40:41.223119,0.81,0.19,1.0
2025-12-11T05:40:40.247349,0.81,0.19,1.0
2025-12-11T05:40:40.853461,0.81,0.19,1.0
2025-12-11T05:40:41.458162,0.81,0.19,1.0
2025-12-11T05:40:42.058391,0.81,0.19,1.0
2025-12-11T05:40:42.653117,0.815,0.185,1.0
2025-12-11T05:40:43.256389,0.815,0.185,1.0
2025-12-11T05:40:43.862321,0.815,0.185,1.0
2025-12-11T05:40:44.461346,0.82,0.18,1.0
2025-12-11T05:40:45.064711,0.82,0.18,1.0
2025-12-11T05:40:45.666767,0.815,0.185,1.0
2025-12-11T05:40:46.278159,0.825,0.175,1.0
2025-12-11T05:40:46.879982,0.825,0.175,1.0
2025-12-11T05:40:47.486274,0.825,0.175,1.0
2025-12-11T05:40:48.088814,0.835,0.165,1.0
2025-12-11T05:40:48.700412,0.825,0.175,1.0
2025-12-11T05:40:49.304409,0.83,0.17,1.0
2025-12-11T05:40:49.911504,0.83,0.17,1.0
2025-12-11T05:40:50.515979,0.83,0.17,1.0
2025-12-11T05:40:51.123679,0.83,0.17,1.0
2025-12-11T05:40:51.732575,0.845,0.155,1.0
2025-12-11T05:40:52.332816,0.865,0.135,1.0
2025-12-11T05:40:52.943648,0.865,0.13,0.995
2025-12-11T05:40:53.540849,0.875,0.125,1.0
2025-12-11T05:40:54.151519,0.87,0.125,0.995
2025-12-11T05:40:54.752360,0.875,0.125,1.0
2025-12-11T05:40:55.365445,0.875,0.125,1.0
2025-12-11T05:40:55.973584,0.875,0.125,1.0
2025-12-11T05:40:56.579050,0.885,0.115,1.0
2025-12-11T05:40:57.175995,0.885,0.115,1.0
2025-12-11T05:40:57.773131,0.885,0.115,1.0
2025-12-11T05:40:58.385008,0.885,0.115,1.0
2025-12-11T05:40:58.987046,0.885,0.115,1.0
2025-12-11T05:40:59.595782,0.89,0.11,1.0
2025-12-11T05:41:00.189158,0.895,0.105,1.0
2025-12-11T05:41:00.789434,0.895,0.105,1.0
2025-12-11T05:41:01.390511,0.895,0.105,1.0
2025-12-11T05:41:01.997076,0.895,0.105,1.0
2025-12-11T05:41:02.593183,0.89,0.11,1.0
2025-12-11T05:41:03.195625,0.895,0.105,1.0
2025-12-11T05:41:03.795616,0.895,0.105,1.0
2025-12-11T05:41:04.395149,0.895,0.105,1.0
2025-12-11T05:41:04.993823,0.905,0.095,1.0
2025-12-11T05:41:05.591324,0.905,0.095,1.0
2025-12-11T05:41:06.187791,0.885,0.115,1.0
2025-12-11T05:41:06.789366,0.88,0.125,1.005
2025-12-11T05:41:07.391591,0.875,0.135,1.01
2025-12-11T05:41:07.985374,0.845,0.155,1.0
2025-12-11T05:41:08.582840,0.845,0.155,1.0
2025-12-11T05:41:09.177314,0.85,0.15,1.0
2025-12-11T05:41:09.777016,0.855,0.145,1.0
2025-12-11T05:41:10.380787,0.855,0.145,1.0
2025-12-11T05:41:10.987666,0.87,0.13,1.0
2025-12-11T05:41:11.590957,0.865,0.135,1.0
2025-12-11T05:41:10.617371,0.865,0.135,1.0
2025-12-11T05:41:11.209455,0.865,0.135,1.0
2025-12-11T05:41:11.820964,0.865,0.135,1.0
2025-12-11T05:41:12.421915,0.865,0.135,1.0
2025-12-11T05:41:13.048692,0.9,0.1,1.0
2025-12-11T05:41:13.639767,0.9,0.1,1.0
2025-12-11T05:41:14.254869,0.905,0.095,1.0
2025-12-11T05:41:14.875506,0.905,0.09,0.995
2025-12-11T05:41:15.485678,0.915,0.085,1.0
2025-12-11T05:41:16.093761,0.925,0.075,1.0
2025-12-11T05:41:16.703442,0.915,0.08,0.995
2025-12-11T05:41:17.313207,0.915,0.085,1.0
2025-12-11T05:41:17.925977,0.915,0.085,1.0
2025-12-11T05:41:18.521532,0.915,0.085,1.0
2025-12-11T05:41:19.120752,0.915,0.085,1.0
2025-12-11T05:41:19.724886,0.925,0.075,1.0
2025-12-11T05:41:20.328266,0.925,0.075,1.0
2025-12-11T05:41:20.935645,0.925,0.075,1.0
2025-12-11T05:41:21.549672,0.925,0.075,1.0
2025-12-11T05:41:22.158972,0.92,0.08,1.0
2025-12-11T05:41:22.757123,0.92,0.08,1.0
2025-12-11T05:41:23.358700,0.92,0.08,1.0
2025-12-11T05:41:23.969866,0.92,0.08,1.0
2025-12-11T05:41:24.571596,0.92,0.08,1.0
2025-12-11T05:41:25.178498,0.925,0.075,1.0
2025-12-11T05:41:25.793785,0.915,0.085,1.0
2025-12-11T05:41:26.404228,0.915,0.085,1.0
2025-12-11T05:41:26.997368,0.935,0.065,1.0
2025-12-11T05:41:27.594064,0.935,0.065,1.0
2025-12-11T05:41:28.202539,0.925,0.075,1.0
2025-12-11T05:41:28.807658,0.925,0.075,1.0
2025-12-11T05:41:29.417326,0.925,0.075,1.0
2025-12-11T05:41:30.027972,0.925,0.075,1.0
2025-12-11T05:41:30.630733,0.925,0.075,1.0
2025-12-11T05:41:31.225197,0.925,0.075,1.0
2025-12-11T05:41:31.829549,0.925,0.075,1.0
2025-12-11T05:41:32.434727,0.915,0.085,1.0
2025-12-11T05:41:33.035471,0.925,0.075,1.0
2025-12-11T05:41:33.630652,0.925,0.075,1.0
2025-12-11T05:41:34.231154,0.925,0.075,1.0
2025-12-11T05:41:34.839006,0.915,0.085,1.0
2025-12-11T05:41:35.451623,0.905,0.095,1.0
2025-12-11T05:41:36.048050,0.905,0.095,1.0
2025-12-11T05:41:36.644526,0.905,0.095,1.0
2025-12-11T05:41:37.236809,0.905,0.095,1.0
2025-12-11T05:41:37.838802,0.905,0.095,1.0
2025-12-11T05:41:38.442471,0.905,0.095,1.0
2025-12-11T05:41:39.052375,0.905,0.095,1.0
2025-12-11T05:41:39.656754,0.905,0.095,1.0
2025-12-11T05:41:40.305046,0.905,0.095,1.0
2025-12-11T05:41:40.908987,0.905,0.095,1.0
2025-12-11T05:41:41.505540,0.905,0.095,1.0
2025-12-11T05:41:42.117129,0.9,0.1,1.0
2025-12-11T05:41:42.727340,0.9,0.1,1.0
2025-12-11T05:41:41.760843,0.9,0.105,1.0050000000000001
2025-12-11T05:41:42.385394,0.895,0.105,1.0
2025-12-11T05:41:42.991155,0.91,0.095,1.0050000000000001
2025-12-11T05:41:43.590139,0.905,0.095,1.0
2025-12-11T05:41:44.192713,0.9,0.1,1.0
2025-12-11T05:41:44.796753,0.91,0.09,1.0
2025-12-11T05:41:45.403633,0.905,0.095,1.0
2025-12-11T05:41:46.026509,0.905,0.095,1.0
2025-12-11T05:41:46.634522,0.89,0.11,1.0
2025-12-11T05:41:47.249191,0.885,0.115,1.0
2025-12-11T05:41:47.853996,0.885,0.115,1.0
2025-12-11T05:41:48.464036,0.885,0.115,1.0
2025-12-11T05:41:49.076333,0.875,0.125,1.0
2025-12-11T05:41:49.671148,0.875,0.125,1.0
2025-12-11T05:41:50.268586,0.885,0.115,1.0
2025-12-11T05:41:50.880043,0.885,0.115,1.0
2025-12-11T05:41:51.482964,0.89,0.105,0.995
2025-12-11T05:41:52.084276,0.89,0.115,1.0050000000000001
2025-12-11T05:41:52.682990,0.895,0.105,1.0
2025-12-11T05:41:53.284915,0.895,0.105,1.0
2025-12-11T05:41:53.890095,0.895,0.105,1.0
2025-12-11T05:41:54.511883,0.855,0.145,1.0
2025-12-11T05:41:55.113317,0.86,0.14,1.0
2025-12-11T05:41:55.709519,0.865,0.135,1.0
2025-12-11T05:41:56.314750,0.865,0.135,1.0
2025-12-11T05:41:56.921755,0.865,0.135,1.0
2025-12-11T05:41:57.531176,0.865,0.135,1.0
2025-12-11T05:41:58.135291,0.875,0.125,1.0
2025-12-11T05:41:58.735419,0.89,0.11,1.0
2025-12-11T05:41:59.339814,0.89,0.11,1.0
2025-12-11T05:41:59.943726,0.89,0.11,1.0
2025-12-11T05:42:00.543990,0.895,0.105,1.0
2025-12-11T05:42:01.145956,0.895,0.105,1.0
2025-12-11T05:42:01.745398,0.895,0.105,1.0
2025-12-11T05:42:02.350625,0.905,0.095,1.0
2025-12-11T05:42:02.955106,0.905,0.095,1.0
2025-12-11T05:42:03.558657,0.905,0.095,1.0
2025-12-11T05:42:04.158691,0.91,0.09,1.0
2025-12-11T05:42:04.754824,0.915,0.085,1.0
2025-12-11T05:42:05.357415,0.925,0.075,1.0
2025-12-11T05:42:05.957213,0.93,0.065,0.9950000000000001
2025-12-11T05:42:06.562161,0.925,0.075,1.0
2025-12-11T05:42:07.167796,0.915,0.085,1.0
2025-12-11T05:42:07.775561,0.905,0.095,1.0
2025-12-11T05:42:08.373164,0.905,0.095,1.0
2025-12-11T05:42:08.968926,0.91,0.09,1.0
2025-12-11T05:42:09.576796,0.92,0.08,1.0
2025-12-11T05:42:10.178039,0.905,0.095,1.0
2025-12-11T05:42:10.784261,0.92,0.08,1.0
2025-12-11T05:42:11.394267,0.925,0.075,1.0
2025-12-11T05:42:11.998740,0.925,0.075,1.0
2025-12-11T05:42:12.598770,0.92,0.08,1.0
2025-12-11T05:42:13.244999,0.915,0.085,1.0
2025-12-11T05:42:13.865421,0.925,0.075,1.0
2025-12-11T05:42:14.464293,0.915,0.085,1.0
2025-12-11T05:42:15.067668,0.915,0.085,1.0
2025-12-11T05:42:15.673895,0.945,0.055,1.0
2025-12-11T05:42:16.267889,0.955,0.045,1.0
2025-12-11T05:42:16.873560,0.955,0.045,1.0
2025-12-11T05:42:17.480026,0.965,0.035,1.0
2025-12-11T05:42:18.084010,0.955,0.045,1.0
2025-12-11T05:42:18.687703,0.95,0.05,1.0
2025-12-11T05:42:19.295233,0.955,0.045,1.0
2025-12-11T05:42:19.896796,0.965,0.035,1.0
2025-12-11T05:42:20.494889,0.965,0.035,1.0
2025-12-11T05:42:21.099157,0.955,0.04,0.995
2025-12-11T05:42:21.699461,0.96,0.04,1.0
2025-12-11T05:42:22.316365,0.96,0.04,1.0
2025-12-11T05:42:22.926613,0.96,0.04,1.0
2025-12-11T05:42:23.519257,0.955,0.045,1.0
2025-12-11T05:42:24.125545,0.955,0.045,1.0
2025-12-11T05:42:24.803291,0.955,0.045,1.0
2025-12-11T05:42:25.428940,0.955,0.045,1.0
2025-12-11T05:42:26.034798,0.96,0.04,1.0
2025-12-11T05:42:26.640227,0.955,0.045,1.0
2025-12-11T05:42:27.250003,0.95,0.05,1.0
2025-12-11T05:42:27.852299,0.95,0.05,1.0
2025-12-11T05:42:28.453106,0.955,0.045,1.0
2025-12-11T05:42:26.783135,0.965,0.035,1.0
2025-12-11T05:42:27.382144,0.965,0.035,1.0
2025-12-11T05:42:27.983516,0.96,0.04,1.0
2025-12-11T05:42:28.585069,0.965,0.035,1.0
2025-12-11T05:42:29.188617,0.97,0.025,0.995
2025-12-11T05:42:29.791247,0.975,0.025,1.0
2025-12-11T05:42:30.382578,0.965,0.035,1.0
2025-12-11T05:42:30.976037,0.965,0.035,1.0
2025-12-11T05:42:31.577741,0.975,0.025,1.0
2025-12-11T05:42:32.175995,0.965,0.035,1.0
2025-12-11T05:42:32.779297,0.97,0.03,1.0
2025-12-11T05:42:33.385298,0.97,0.03,1.0
2025-12-11T05:42:33.988523,0.955,0.045,1.0
2025-12-11T05:42:34.585575,0.965,0.035,1.0
2025-12-11T05:42:35.188859,0.965,0.035,1.0
2025-12-11T05:42:35.788216,0.965,0.035,1.0
2025-12-11T05:42:36.392157,0.965,0.035,1.0
2025-12-11T05:42:36.995732,0.965,0.035,1.0
2025-12-11T05:42:37.590405,0.965,0.035,1.0
2025-12-11T05:42:38.192796,0.965,0.035,1.0
2025-12-11T05:42:38.795210,0.97,0.03,1.0
2025-12-11T05:42:39.393637,0.975,0.025,1.0
2025-12-11T05:42:39.985480,0.975,0.025,1.0
2025-12-11T05:42:40.590118,0.975,0.025,1.0
2025-12-11T05:42:41.190818,0.975,0.025,1.0
2025-12-11T05:42:41.796153,0.975,0.025,1.0
2025-12-11T05:42:42.398043,0.975,0.025,1.0
2025-12-11T05:42:43.003687,0.975,0.025,1.0
2025-12-11T05:42:43.603253,0.975,0.025,1.0
2025-12-11T05:42:44.199335,0.975,0.025,1.0
2025-12-11T05:42:44.800358,0.975,0.025,1.0
2025-12-11T05:42:45.401714,0.975,0.025,1.0
2025-12-11T05:42:45.999318,0.975,0.025,1.0
2025-12-11T05:42:46.600426,0.975,0.025,1.0
2025-12-11T05:42:47.195709,0.975,0.025,1.0
2025-12-11T05:42:47.791769,0.975,0.025,1.0
2025-12-11T05:42:48.392263,0.975,0.025,1.0
2025-12-11T05:42:48.990914,0.975,0.025,1.0
2025-12-11T05:42:49.597570,0.975,0.025,1.0
2025-12-11T05:42:50.201698,0.975,0.025,1.0
2025-12-11T05:42:50.826730,0.975,0.025,1.0
2025-12-11T05:42:51.428066,0.975,0.025,1.0
2025-12-11T05:42:52.034819,0.96,0.04,1.0
2025-12-11T05:42:52.630497,0.965,0.035,1.0
2025-12-11T05:42:53.225066,0.965,0.035,1.0
2025-12-11T05:42:53.830742,0.975,0.025,1.0
2025-12-11T05:42:54.433215,0.965,0.04,1.005
2025-12-11T05:42:55.031141,0.955,0.045,1.0
2025-12-11T05:42:55.635275,0.955,0.045,1.0
2025-12-11T05:42:56.239979,0.96,0.04,1.0
2025-12-11T05:42:56.844034,0.96,0.04,1.0
2025-12-11T05:42:57.456572,0.96,0.04,1.0
2025-12-11T05:42:58.062737,0.96,0.04,1.0
2025-12-11T05:42:58.678869,0.97,0.03,1.0
2025-12-11T05:42:57.779373,0.955,0.045,1.0
2025-12-11T05:42:58.391265,0.955,0.045,1.0
2025-12-11T05:42:59.002430,0.96,0.045,1.005
2025-12-11T05:42:59.614867,0.955,0.055,1.01
2025-12-11T05:43:00.231295,0.945,0.055,1.0
2025-12-11T05:43:00.850982,0.95,0.05,1.0
2025-12-11T05:43:01.449913,0.96,0.03,0.99
2025-12-11T05:43:02.054358,0.975,0.025,1.0
2025-12-11T05:43:02.668135,0.975,0.025,1.0
2025-12-11T05:43:03.278647,0.975,0.025,1.0
2025-12-11T05:43:03.903362,0.985,0.015,1.0
2025-12-11T05:43:04.516391,0.985,0.015,1.0
2025-12-11T05:43:05.127591,0.975,0.025,1.0
2025-12-11T05:43:05.733544,0.975,0.025,1.0
2025-12-11T05:43:06.335069,0.985,0.015,1.0
2025-12-11T05:43:06.939135,0.985,0.015,1.0
2025-12-11T05:43:07.538614,0.985,0.015,1.0
2025-12-11T05:43:08.142851,0.985,0.015,1.0
2025-12-11T05:43:08.745510,0.985,0.015,1.0
2025-12-11T05:43:09.349044,0.98,0.025,1.005
2025-12-11T05:43:09.945581,0.975,0.025,1.0
2025-12-11T05:43:10.548969,0.975,0.025,1.0
2025-12-11T05:43:11.148930,0.975,0.025,1.0
2025-12-11T05:43:11.742898,0.975,0.025,1.0
2025-12-11T05:43:12.351072,0.975,0.025,1.0
2025-12-11T05:43:12.947817,0.98,0.02,1.0
2025-12-11T05:43:13.544211,0.975,0.025,1.0
2025-12-11T05:43:14.165069,0.98,0.02,1.0
2025-12-11T05:43:14.771080,0.98,0.02,1.0
2025-12-11T05:43:15.374453,0.98,0.02,1.0
2025-12-11T05:43:15.971310,0.975,0.025,1.0
2025-12-11T05:43:16.578880,0.975,0.025,1.0
2025-12-11T05:43:17.178705,0.97,0.03,1.0
2025-12-11T05:43:17.775383,0.965,0.035,1.0
2025-12-11T05:43:18.376970,0.97,0.03,1.0
2025-12-11T05:43:18.986260,0.97,0.03,1.0
2025-12-11T05:43:19.598574,0.975,0.025,1.0
2025-12-11T05:43:20.203159,0.98,0.02,1.0
2025-12-11T05:43:20.803854,0.98,0.02,1.0
2025-12-11T05:43:21.417592,0.98,0.02,1.0
2025-12-11T05:43:22.024761,0.985,0.015,1.0
2025-12-11T05:43:22.627332,0.985,0.015,1.0
2025-12-11T05:43:23.227936,0.985,0.015,1.0
2025-12-11T05:43:23.840847,0.98,0.02,1.0
2025-12-11T05:43:24.448336,0.98,0.02,1.0
2025-12-11T05:43:25.073838,0.98,0.02,1.0
2025-12-11T05:43:25.669034,0.98,0.02,1.0
2025-12-11T05:43:26.271135,0.98,0.02,1.0
2025-12-11T05:43:26.870341,0.98,0.02,1.0
2025-12-11T05:43:27.474862,0.98,0.02,1.0
2025-12-11T05:43:28.079609,0.985,0.015,1.0
2025-12-11T05:43:28.697943,0.985,0.015,1.0
2025-12-11T05:43:29.293998,0.985,0.015,1.0
2025-12-11T05:43:28.332924,0.985,0.015,1.0
2025-12-11T05:43:28.933644,0.985,0.015,1.0
2025-12-11T05:43:29.533470,0.985,0.015,1.0
2025-12-11T05:43:30.137889,0.985,0.015,1.0
2025-12-11T05:43:30.744145,0.985,0.015,1.0
2025-12-11T05:43:31.346899,0.985,0.015,1.0
2025-12-11T05:43:31.947738,0.985,0.015,1.0
2025-12-11T05:43:32.549187,0.985,0.015,1.0
2025-12-11T05:43:33.150650,0.985,0.015,1.0
2025-12-11T05:43:33.756328,0.985,0.015,1.0
2025-12-11T05:43:34.371491,0.985,0.015,1.0
2025-12-11T05:43:34.974533,0.985,0.015,1.0
2025-12-11T05:43:35.579116,0.985,0.015,1.0
2025-12-11T05:43:36.185587,0.985,0.015,1.0
2025-12-11T05:43:36.792392,0.985,0.015,1.0
2025-12-11T05:43:37.407196,0.985,0.015,1.0
2025-12-11T05:43:38.017388,0.985,0.015,1.0
2025-12-11T05:43:38.624999,0.985,0.015,1.0
2025-12-11T05:43:39.244450,0.985,0.015,1.0
2025-12-11T05:43:39.849759,0.985,0.015,1.0
2025-12-11T05:43:40.451028,0.985,0.015,1.0
2025-12-11T05:43:41.049267,0.985,0.015,1.0
2025-12-11T05:43:41.655523,0.985,0.015,1.0
2025-12-11T05:43:42.257179,0.985,0.015,1.0
2025-12-11T05:43:42.856691,0.985,0.015,1.0
2025-12-11T05:43:43.459093,0.985,0.015,1.0
2025-12-11T05:43:44.070212,0.985,0.015,1.0
2025-12-11T05:43:44.674004,0.985,0.015,1.0
2025-12-11T05:43:45.281210,0.985,0.015,1.0
2025-12-11T05:43:45.882416,0.985,0.015,1.0
2025-12-11T05:43:46.483212,0.985,0.015,1.0
2025-12-11T05:43:47.086798,0.985,0.015,1.0
2025-12-11T05:43:47.695434,0.985,0.015,1.0
2025-12-11T05:43:48.299445,0.985,0.015,1.0
2025-12-11T05:43:48.901435,0.985,0.015,1.0
2025-12-11T05:43:49.504130,0.985,0.015,1.0
2025-12-11T05:43:50.107896,0.985,0.015,1.0
2025-12-11T05:43:50.717811,0.985,0.015,1.0
2025-12-11T05:43:51.319742,0.985,0.015,1.0
2025-12-11T05:43:51.923255,0.985,0.015,1.0
2025-12-11T05:43:52.525708,0.985,0.015,1.0
2025-12-11T05:43:53.129016,0.985,0.015,1.0
2025-12-11T05:43:53.734488,0.985,0.015,1.0
2025-12-11T05:43:54.346104,0.985,0.015,1.0
2025-12-11T05:43:54.951780,0.985,0.015,1.0
2025-12-11T05:43:55.554843,0.985,0.015,1.0
2025-12-11T05:43:56.159304,0.985,0.015,1.0
2025-12-11T05:43:56.760079,0.985,0.015,1.0
2025-12-11T05:43:57.366365,0.985,0.015,1.0
2025-12-11T05:43:57.973031,0.985,0.015,1.0
2025-12-11T05:43:58.580603,0.985,0.015,1.0
2025-12-11T05:43:59.181129,0.985,0.015,1.0
2025-12-11T05:43:59.785478,0.985,0.015,1.0
2025-12-11T05:43:58.828860,0.985,0.015,1.0
2025-12-11T05:43:59.425088,0.985,0.015,1.0
2025-12-11T05:44:00.036664,0.985,0.015,1.0
2025-12-11T05:44:00.644714,0.975,0.025,1.0
2025-12-11T05:44:01.249981,0.965,0.035,1.0
2025-12-11T05:44:01.843375,0.97,0.03,1.0
2025-12-11T05:44:02.446448,0.975,0.025,1.0
2025-12-11T05:44:03.051552,0.955,0.045,1.0
2025-12-11T05:44:03.652496,0.965,0.035,1.0
2025-12-11T05:44:04.257036,0.945,0.055,1.0
2025-12-11T05:44:04.858954,0.965,0.035,1.0
2025-12-11T05:44:05.454390,0.965,0.035,1.0
2025-12-11T05:44:06.059691,0.96,0.04,1.0
2025-12-11T05:44:06.661004,0.96,0.04,1.0
2025-12-11T05:44:07.271293,0.96,0.04,1.0
2025-12-11T05:44:07.873384,0.955,0.045,1.0
2025-12-11T05:44:08.478298,0.935,0.07,1.0050000000000001
2025-12-11T05:44:09.069561,0.89,0.105,0.995
2025-12-11T05:44:09.671623,0.915,0.085,1.0
2025-12-11T05:44:10.275381,0.9,0.1,1.0
2025-12-11T05:44:10.881104,0.89,0.105,0.995
2025-12-11T05:44:11.476037,0.885,0.115,1.0
2025-12-11T05:44:12.094369,0.915,0.085,1.0
2025-12-11T05:44:12.696057,0.88,0.12,1.0
2025-12-11T05:44:13.298685,0.915,0.085,1.0
2025-12-11T05:44:13.900206,0.895,0.105,1.0
2025-12-11T05:44:14.506379,0.895,0.105,1.0
2025-12-11T05:44:15.107516,0.91,0.09,1.0
2025-12-11T05:44:15.711268,0.915,0.085,1.0
2025-12-11T05:44:16.313112,0.915,0.08,0.995
2025-12-11T05:44:16.923785,0.935,0.065,1.0
2025-12-11T05:44:17.529937,0.945,0.055,1.0
2025-12-11T05:44:18.134083,0.945,0.07,1.015
2025-12-11T05:44:18.738010,0.94,0.06,1.0
2025-12-11T05:44:19.339306,0.94,0.06,1.0
2025-12-11T05:44:19.944119,0.94,0.06,1.0
2025-12-11T05:44:20.545500,0.945,0.055,1.0
2025-12-11T05:44:21.155209,0.945,0.055,1.0
2025-12-11T05:44:21.761416,0.945,0.055,1.0
2025-12-11T05:44:22.377055,0.94,0.06,1.0
2025-12-11T05:44:22.979474,0.94,0.06,1.0
2025-12-11T05:44:23.575103,0.94,0.06,1.0
2025-12-11T05:44:24.182788,0.935,0.065,1.0
2025-12-11T05:44:24.786129,0.955,0.045,1.0
2025-12-11T05:44:25.390266,0.955,0.045,1.0
2025-12-11T05:44:25.996400,0.96,0.04,1.0
2025-12-11T05:44:26.609516,0.97,0.03,1.0
2025-12-11T05:44:27.209418,0.96,0.04,1.0
2025-12-11T05:44:27.808672,0.955,0.045,1.0
2025-12-11T05:44:28.410030,0.96,0.04,1.0
2025-12-11T05:44:29.014788,0.965,0.035,1.0
2025-12-11T05:44:29.614321,0.965,0.035,1.0
2025-12-11T05:44:30.222039,0.965,0.035,1.0
2025-12-11T05:44:29.257583,0.97,0.03,1.0
2025-12-11T05:44:29.863357,0.97,0.03,1.0
2025-12-11T05:44:30.468854,0.97,0.03,1.0
2025-12-11T05:44:31.072435,0.97,0.025,0.995
2025-12-11T05:44:31.669395,0.985,0.015,1.0
2025-12-11T05:44:32.274107,0.98,0.015,0.995
2025-12-11T05:44:32.880249,0.985,0.015,1.0
2025-12-11T05:44:33.481652,0.995,0.005,1.0
2025-12-11T05:44:34.085115,0.995,0.005,1.0
2025-12-11T05:44:34.684191,0.985,0.015,1.0
2025-12-11T05:44:35.282727,0.995,0.005,1.0
2025-12-11T05:44:35.884748,0.995,0.005,1.0
2025-12-11T05:44:36.483293,0.995,0.005,1.0
2025-12-11T05:44:37.092584,0.995,0.005,1.0
2025-12-11T05:44:37.690477,0.995,0.005,1.0
2025-12-11T05:44:38.289289,0.995,0.005,1.0
2025-12-11T05:44:38.895522,0.995,0.005,1.0
2025-12-11T05:44:39.509651,0.995,0.005,1.0
2025-12-11T05:44:40.119060,0.995,0.005,1.0
2025-12-11T05:44:40.729774,0.995,0.005,1.0
2025-12-11T05:44:41.337390,0.995,0.005,1.0
2025-12-11T05:44:41.939242,0.995,0.005,1.0
2025-12-11T05:44:42.551390,0.995,0.005,1.0
2025-12-11T05:44:43.158852,0.995,0.005,1.0
2025-12-11T05:44:43.767965,0.995,0.005,1.0
2025-12-11T05:44:44.371281,0.995,0.005,1.0
2025-12-11T05:44:44.970246,0.995,0.005,1.0
2025-12-11T05:44:45.586834,0.995,0.005,1.0
2025-12-11T05:44:46.193214,0.995,0.005,1.0
2025-12-11T05:44:46.802001,0.995,0.005,1.0
2025-12-11T05:44:47.400649,0.995,0.005,1.0
2025-12-11T05:44:48.011207,0.995,0.005,1.0
2025-12-11T05:44:48.625560,0.995,0.005,1.0
2025-12-11T05:44:49.236553,0.995,0.005,1.0
2025-12-11T05:44:49.830529,0.995,0.005,1.0
2025-12-11T05:44:50.444988,0.995,0.005,1.0
2025-12-11T05:44:51.058238,0.995,0.005,1.0
2025-12-11T05:44:51.653083,0.995,0.005,1.0
2025-12-11T05:44:52.264112,0.995,0.005,1.0
2025-12-11T05:44:52.866734,0.995,0.005,1.0
2025-12-11T05:44:53.474146,0.995,0.005,1.0
2025-12-11T05:44:54.079360,0.995,0.005,1.0
2025-12-11T05:44:54.690396,0.995,0.005,1.0
2025-12-11T05:44:55.288202,0.995,0.005,1.0
2025-12-11T05:44:55.898515,0.995,0.005,1.0
2025-12-11T05:44:56.500434,0.995,0.005,1.0
2025-12-11T05:44:57.110371,0.995,0.005,1.0
2025-12-11T05:44:57.720334,0.995,0.005,1.0
2025-12-11T05:44:58.333335,0.995,0.005,1.0
2025-12-11T05:44:58.980427,0.995,0.005,1.0
2025-12-11T05:44:59.582150,0.995,0.005,1.0
2025-12-11T05:45:00.178178,0.995,0.005,1.0
2025-12-11T05:45:00.791691,0.995,0.005,1.0
2025-12-11T05:45:01.388811,0.995,0.005,1.0
2025-12-11T05:45:00.437844,0.995,0.005,1.0
2025-12-11T05:45:01.048824,0.995,0.005,1.0
2025-12-11T05:45:01.650680,0.995,0.005,1.0
2025-12-11T05:45:02.254992,0.995,0.005,1.0
2025-12-11T05:45:02.861311,0.995,0.005,1.0
2025-12-11T05:45:03.472719,0.995,0.005,1.0
2025-12-11T05:45:04.082691,0.995,0.005,1.0
2025-12-11T05:45:04.688619,0.995,0.005,1.0
2025-12-11T05:45:05.292566,0.995,0.005,1.0
2025-12-11T05:45:05.902110,0.995,0.005,1.0
2025-12-11T05:45:06.499498,0.995,0.005,1.0
2025-12-11T05:45:07.099293,0.995,0.005,1.0
2025-12-11T05:45:07.698934,0.995,0.005,1.0
2025-12-11T05:45:08.293417,0.995,0.005,1.0
2025-12-11T05:45:08.900022,0.995,0.005,1.0
2025-12-11T05:45:09.500921,0.995,0.005,1.0
2025-12-11T05:45:10.102850,0.995,0.005,1.0
2025-12-11T05:45:10.708318,0.995,0.005,1.0
2025-12-11T05:45:11.314239,0.995,0.005,1.0
2025-12-11T05:45:11.922474,0.995,0.005,1.0
2025-12-11T05:45:12.522446,0.995,0.005,1.0
2025-12-11T05:45:13.124622,0.995,0.005,1.0
2025-12-11T05:45:13.729296,0.995,0.005,1.0
2025-12-11T05:45:14.330326,0.995,0.005,1.0
2025-12-11T05:45:14.938578,0.995,0.005,1.0
2025-12-11T05:45:15.540546,0.995,0.005,1.0
2025-12-11T05:45:16.143916,0.995,0.005,1.0
2025-12-11T05:45:16.745695,0.995,0.005,1.0
2025-12-11T05:45:17.358562,0.995,0.005,1.0
2025-12-11T05:45:17.967389,0.995,0.005,1.0
2025-12-11T05:45:18.577011,0.995,0.005,1.0
2025-12-11T05:45:19.211612,0.995,0.005,1.0
2025-12-11T05:45:19.823882,0.995,0.005,1.0
2025-12-11T05:45:20.433114,0.995,0.005,1.0
2025-12-11T05:45:21.041999,0.995,0.005,1.0
2025-12-11T05:45:21.636712,0.995,0.005,1.0
2025-12-11T05:45:22.241950,0.995,0.005,1.0
2025-12-11T05:45:22.836393,0.995,0.005,1.0
2025-12-11T05:45:23.437232,0.995,0.005,1.0
2025-12-11T05:45:24.040597,0.995,0.005,1.0
2025-12-11T05:45:24.631769,0.995,0.005,1.0
2025-12-11T05:45:25.260320,0.995,0.005,1.0
2025-12-11T05:45:25.852278,0.995,0.005,1.0
2025-12-11T05:45:26.455926,0.995,0.005,1.0
2025-12-11T05:45:27.053247,0.995,0.005,1.0
2025-12-11T05:45:27.651404,0.995,0.005,1.0
2025-12-11T05:45:28.283096,0.995,0.005,1.0
2025-12-11T05:45:29.120618,0.995,0.005,1.0
2025-12-11T05:45:29.725282,0.995,0.005,1.0
2025-12-11T05:45:30.333018,0.995,0.005,1.0
2025-12-11T05:45:30.927843,0.995,0.005,1.0
2025-12-11T05:45:31.529389,0.995,0.005,1.0
2025-12-11T05:45:32.134651,0.995,0.005,1.0
2025-12-11T05:45:31.179202,0.995,0.005,1.0
2025-12-11T05:45:31.775330,0.995,0.005,1.0
2025-12-11T05:45:32.383066,0.995,0.005,1.0
2025-12-11T05:45:32.986785,0.995,0.005,1.0
2025-12-11T05:45:33.593571,0.995,0.005,1.0
2025-12-11T05:45:34.192924,0.995,0.005,1.0
2025-12-11T05:45:34.794561,0.995,0.005,1.0
2025-12-11T05:45:35.397011,0.995,0.005,1.0
2025-12-11T05:45:36.005060,0.995,0.005,1.0
2025-12-11T05:45:36.612514,0.995,0.005,1.0
2025-12-11T05:45:37.214946,0.995,0.005,1.0
2025-12-11T05:45:37.815711,0.995,0.005,1.0
2025-12-11T05:45:38.418793,0.995,0.005,1.0
2025-12-11T05:45:39.023455,0.995,0.005,1.0
2025-12-11T05:45:39.625105,0.995,0.005,1.0
2025-12-11T05:45:40.219552,0.995,0.005,1.0
2025-12-11T05:45:40.821356,0.995,0.005,1.0
2025-12-11T05:45:41.422896,0.995,0.005,1.0
2025-12-11T05:45:42.032358,0.995,0.005,1.0
2025-12-11T05:45:42.631321,0.995,0.005,1.0
2025-12-11T05:45:43.229893,0.995,0.005,1.0
2025-12-11T05:45:43.837109,0.995,0.005,1.0
2025-12-11T05:45:44.440264,0.995,0.005,1.0
2025-12-11T05:45:45.040939,0.995,0.005,1.0
2025-12-11T05:45:45.644367,0.995,0.005,1.0
2025-12-11T05:45:46.243223,0.995,0.005,1.0
2025-12-11T05:45:46.838309,0.995,0.005,1.0
2025-12-11T05:45:47.442926,0.995,0.005,1.0
2025-12-11T05:45:48.045329,0.995,0.005,1.0
2025-12-11T05:45:48.650540,0.995,0.005,1.0
2025-12-11T05:45:49.256568,0.995,0.005,1.0
2025-12-11T05:45:49.859318,0.995,0.005,1.0
2025-12-11T05:45:50.451232,0.995,0.005,1.0
2025-12-11T05:45:51.056905,0.995,0.005,1.0
2025-12-11T05:45:51.658942,0.995,0.005,1.0
2025-12-11T05:45:52.258996,0.995,0.005,1.0
2025-12-11T05:45:52.873905,0.995,0.005,1.0
2025-12-11T05:45:53.501655,0.995,0.005,1.0
2025-12-11T05:45:54.099184,0.995,0.005,1.0
2025-12-11T05:45:54.702463,0.995,0.005,1.0
2025-12-11T05:45:55.307610,0.995,0.005,1.0
2025-12-11T05:45:55.901726,0.995,0.005,1.0
2025-12-11T05:45:56.502354,0.995,0.005,1.0
2025-12-11T05:45:57.118494,0.995,0.005,1.0
2025-12-11T05:45:57.718654,0.995,0.005,1.0
2025-12-11T05:45:58.318142,0.995,0.005,1.0
2025-12-11T05:45:58.915298,0.995,0.005,1.0
2025-12-11T05:45:59.519246,0.995,0.005,1.0
