timestamp,price_yes,price_no,sum_prices
2025-12-10T21:15:56.620061,0.415,0.585,1.0
2025-12-10T21:15:57.260465,0.425,0.575,1.0
2025-12-10T21:15:57.946710,0.425,0.575,1.0
2025-12-10T21:15:58.622429,0.42,0.58,1.0
2025-12-10T21:15:59.272909,0.415,0.585,1.0
2025-12-10T21:15:59.926957,0.415,0.58,0.9949999999999999
2025-12-10T21:16:00.594238,0.425,0.575,1.0
2025-12-10T21:16:01.247123,0.415,0.585,1.0
2025-12-10T21:16:01.923550,0.415,0.595,1.01
2025-12-10T21:16:02.577797,0.405,0.595,1.0
2025-12-10T21:16:03.202531,0.435,0.57,1.005
2025-12-10T21:16:03.863859,0.435,0.565,1.0
2025-12-10T21:16:04.487320,0.445,0.555,1.0
2025-12-10T21:16:05.121714,0.44,0.56,1.0
2025-12-10T21:16:05.765560,0.42,0.585,1.005
2025-12-10T21:16:06.431053,0.41,0.595,1.005
2025-12-10T21:16:07.082893,0.425,0.575,1.0
2025-12-10T21:16:07.772012,0.43,0.57,1.0
2025-12-10T21:16:06.750226,0.435,0.565,1.0
2025-12-10T21:16:07.384316,0.445,0.555,1.0
2025-12-10T21:16:08.013928,0.445,0.555,1.0
2025-12-10T21:16:08.656759,0.445,0.555,1.0
2025-12-10T21:16:09.280179,0.44,0.555,0.9950000000000001
2025-12-10T21:16:09.926878,0.445,0.555,1.0
2025-12-10T21:16:10.592437,0.445,0.555,1.0
2025-12-10T21:16:11.254695,0.455,0.545,1.0
2025-12-10T21:16:11.912099,0.455,0.545,1.0
2025-12-10T21:16:12.550802,0.455,0.545,1.0
2025-12-10T21:16:13.199630,0.455,0.545,1.0
2025-12-10T21:16:13.825704,0.46,0.54,1.0
2025-12-10T21:16:14.440698,0.46,0.54,1.0
2025-12-10T21:16:15.074885,0.465,0.535,1.0
2025-12-10T21:16:15.785303,0.475,0.525,1.0
2025-12-10T21:16:16.502558,0.475,0.525,1.0
2025-12-10T21:16:17.156257,0.485,0.515,1.0
2025-12-10T21:16:17.790347,0.49,0.51,1.0
2025-12-10T21:16:18.438693,0.485,0.515,1.0
2025-12-10T21:16:19.144677,0.495,0.505,1.0
2025-12-10T21:16:19.781173,0.495,0.505,1.0
2025-12-10T21:16:20.454312,0.495,0.505,1.0
2025-12-10T21:16:21.137913,0.495,0.505,1.0
2025-12-10T21:16:21.815158,0.495,0.505,1.0
2025-12-10T21:16:22.474996,0.495,0.505,1.0
2025-12-10T21:16:23.181037,0.495,0.505,1.0
2025-12-10T21:16:23.855398,0.495,0.495,0.99
2025-12-10T21:16:24.493121,0.505,0.495,1.0
2025-12-10T21:16:25.125313,0.505,0.485,0.99
2025-12-10T21:16:25.736090,0.525,0.475,1.0
2025-12-10T21:16:26.362097,0.525,0.475,1.0
2025-12-10T21:16:27.059946,0.52,0.48,1.0
2025-12-10T21:16:27.683950,0.52,0.475,0.995
2025-12-10T21:16:28.297885,0.53,0.47,1.0
2025-12-10T21:16:28.941061,0.525,0.47,0.995
2025-12-10T21:16:29.591064,0.535,0.465,1.0
2025-12-10T21:16:30.225174,0.535,0.465,1.0
2025-12-10T21:16:30.851061,0.545,0.455,1.0
2025-12-10T21:16:31.491935,0.545,0.45,0.9950000000000001
2025-12-10T21:16:32.157543,0.55,0.455,1.0050000000000001
2025-12-10T21:16:32.827301,0.545,0.455,1.0
2025-12-10T21:16:33.485352,0.555,0.425,0.98
2025-12-10T21:16:34.158072,0.575,0.425,1.0
2025-12-10T21:16:34.923326,0.585,0.415,1.0
2025-12-10T21:16:35.562552,0.595,0.405,1.0
2025-12-10T21:16:36.212837,0.585,0.415,1.0
2025-12-10T21:16:36.864985,0.585,0.415,1.0
2025-12-10T21:16:37.492544,0.59,0.405,0.995
2025-12-10T21:16:38.124632,0.595,0.405,1.0
2025-12-10T21:16:37.053017,0.595,0.405,1.0
2025-12-10T21:16:37.665828,0.605,0.395,1.0
2025-12-10T21:16:38.298052,0.615,0.385,1.0
2025-12-10T21:16:38.940781,0.625,0.375,1.0
2025-12-10T21:16:39.574531,0.625,0.375,1.0
2025-12-10T21:16:40.192938,0.635,0.365,1.0
2025-12-10T21:16:40.817548,0.625,0.375,1.0
2025-12-10T21:16:41.446814,0.63,0.365,0.995
2025-12-10T21:16:42.082274,0.635,0.36,0.995
2025-12-10T21:16:42.731954,0.645,0.355,1.0
2025-12-10T21:16:43.380397,0.645,0.355,1.0
2025-12-10T21:16:44.036047,0.62,0.375,0.995
2025-12-10T21:16:44.685708,0.625,0.375,1.0
2025-12-10T21:16:45.334854,0.635,0.365,1.0
2025-12-10T21:16:46.055225,0.645,0.355,1.0
2025-12-10T21:16:46.692035,0.645,0.355,1.0
2025-12-10T21:16:47.361418,0.635,0.365,1.0
2025-12-10T21:16:48.029454,0.625,0.365,0.99
2025-12-10T21:16:48.671938,0.625,0.375,1.0
2025-12-10T21:16:49.407976,0.615,0.385,1.0
2025-12-10T21:16:50.067499,0.625,0.375,1.0
2025-12-10T21:16:50.709139,0.625,0.375,1.0
2025-12-10T21:16:51.347048,0.625,0.375,1.0
2025-12-10T21:16:51.976969,0.625,0.375,1.0
2025-12-10T21:16:52.614523,0.635,0.365,1.0
2025-12-10T21:16:53.251444,0.635,0.365,1.0
2025-12-10T21:16:53.883952,0.645,0.355,1.0
2025-12-10T21:16:54.548073,0.65,0.35,1.0
2025-12-10T21:16:55.189646,0.645,0.365,1.01
2025-12-10T21:16:55.840187,0.655,0.345,1.0
2025-12-10T21:16:56.532124,0.655,0.345,1.0
2025-12-10T21:16:57.204410,0.65,0.355,1.005
2025-12-10T21:16:57.868743,0.645,0.355,1.0
2025-12-10T21:16:58.512213,0.65,0.35,1.0
2025-12-10T21:16:59.146308,0.645,0.355,1.0
2025-12-10T21:16:59.783924,0.645,0.355,1.0
2025-12-10T21:17:00.428429,0.635,0.365,1.0
2025-12-10T21:17:01.140000,0.645,0.355,1.0
2025-12-10T21:17:01.771767,0.645,0.355,1.0
2025-12-10T21:17:02.490740,0.645,0.36,1.005
2025-12-10T21:17:03.162272,0.635,0.365,1.0
2025-12-10T21:17:03.810986,0.625,0.375,1.0
2025-12-10T21:17:04.491919,0.62,0.385,1.005
2025-12-10T21:17:05.123181,0.605,0.395,1.0
2025-12-10T21:17:05.776204,0.595,0.405,1.0
2025-12-10T21:17:06.440388,0.605,0.395,1.0
2025-12-10T21:17:07.091195,0.625,0.375,1.0
2025-12-10T21:17:07.785602,0.63,0.375,1.005
2025-12-10T21:17:08.519442,0.635,0.365,1.0
2025-12-10T21:17:09.163586,0.615,0.38,0.995
2025-12-10T21:17:08.163796,0.62,0.38,1.0
2025-12-10T21:17:08.794008,0.62,0.38,1.0
2025-12-10T21:17:09.484256,0.635,0.36,0.995
2025-12-10T21:17:10.166221,0.645,0.355,1.0
2025-12-10T21:17:10.822471,0.655,0.345,1.0
2025-12-10T21:17:11.478509,0.665,0.335,1.0
2025-12-10T21:17:12.143799,0.655,0.345,1.0
2025-12-10T21:17:12.775637,0.645,0.355,1.0
2025-12-10T21:17:13.574521,0.655,0.355,1.01
2025-12-10T21:17:14.259150,0.65,0.345,0.995
2025-12-10T21:17:14.958933,0.64,0.355,0.995
2025-12-10T21:17:15.645495,0.64,0.36,1.0
2025-12-10T21:17:16.349882,0.635,0.365,1.0
2025-12-10T21:17:16.965409,0.635,0.365,1.0
2025-12-10T21:17:17.598091,0.645,0.355,1.0
2025-12-10T21:17:18.249830,0.635,0.365,1.0
2025-12-10T21:17:18.891745,0.625,0.375,1.0
2025-12-10T21:17:19.516294,0.625,0.375,1.0
2025-12-10T21:17:20.164495,0.635,0.365,1.0
2025-12-10T21:17:20.816964,0.645,0.355,1.0
2025-12-10T21:17:21.440981,0.645,0.355,1.0
2025-12-10T21:17:22.138312,0.655,0.345,1.0
2025-12-10T21:17:22.842575,0.665,0.335,1.0
2025-12-10T21:17:23.482662,0.665,0.335,1.0
2025-12-10T21:17:24.133725,0.645,0.36,1.005
2025-12-10T21:17:24.769240,0.645,0.355,1.0
2025-12-10T21:17:25.396349,0.645,0.355,1.0
2025-12-10T21:17:26.126730,0.655,0.34,0.9950000000000001
2025-12-10T21:17:26.746543,0.65,0.35,1.0
2025-12-10T21:17:27.374236,0.65,0.35,1.0
2025-12-10T21:17:28.030760,0.655,0.345,1.0
2025-12-10T21:17:28.646732,0.665,0.335,1.0
2025-12-10T21:17:29.324256,0.645,0.355,1.0
2025-12-10T21:17:29.960151,0.64,0.36,1.0
2025-12-10T21:17:30.617273,0.635,0.36,0.995
2025-12-10T21:17:31.281790,0.65,0.35,1.0
2025-12-10T21:17:31.912257,0.64,0.365,1.005
2025-12-10T21:17:32.569426,0.635,0.36,0.995
2025-12-10T21:17:33.251577,0.65,0.35,1.0
2025-12-10T21:17:33.874292,0.645,0.355,1.0
2025-12-10T21:17:34.539264,0.645,0.355,1.0
2025-12-10T21:17:35.184837,0.635,0.365,1.0
2025-12-10T21:17:35.802624,0.625,0.375,1.0
2025-12-10T21:17:36.430083,0.615,0.385,1.0
2025-12-10T21:17:37.118258,0.615,0.38,0.995
2025-12-10T21:17:37.733997,0.625,0.375,1.0
2025-12-10T21:17:38.394598,0.625,0.375,1.0
2025-12-10T21:17:39.046539,0.615,0.395,1.01
2025-12-10T21:17:39.678950,0.595,0.405,1.0
2025-12-10T21:17:38.638517,0.58,0.425,1.005
2025-12-10T21:17:39.293568,0.565,0.435,1.0
2025-12-10T21:17:39.923368,0.555,0.445,1.0
2025-12-10T21:17:40.561517,0.535,0.46,0.9950000000000001
2025-12-10T21:17:41.180804,0.535,0.465,1.0
2025-12-10T21:17:41.865790,0.535,0.47,1.005
2025-12-10T21:17:42.630946,0.505,0.495,1.0
2025-12-10T21:17:43.269523,0.495,0.505,1.0
2025-12-10T21:17:43.892462,0.495,0.505,1.0
2025-12-10T21:17:44.515401,0.505,0.495,1.0
2025-12-10T21:17:45.147154,0.515,0.485,1.0
2025-12-10T21:17:45.785919,0.51,0.48,0.99
2025-12-10T21:17:46.503393,0.5,0.505,1.005
2025-12-10T21:17:47.144448,0.485,0.515,1.0
2025-12-10T21:17:47.825745,0.495,0.51,1.005
2025-12-10T21:17:48.468046,0.525,0.475,1.0
2025-12-10T21:17:49.097293,0.53,0.475,1.005
2025-12-10T21:17:49.727471,0.54,0.46,1.0
2025-12-10T21:17:50.363971,0.55,0.45,1.0
2025-12-10T21:17:50.996483,0.555,0.445,1.0
2025-12-10T21:17:51.646107,0.565,0.435,1.0
2025-12-10T21:17:52.304039,0.565,0.435,1.0
2025-12-10T21:17:52.933382,0.565,0.435,1.0
2025-12-10T21:17:53.584722,0.545,0.455,1.0
2025-12-10T21:17:54.205360,0.555,0.445,1.0
2025-12-10T21:17:54.968980,0.565,0.435,1.0
2025-12-10T21:17:55.635301,0.555,0.445,1.0
2025-12-10T21:17:56.288534,0.555,0.445,1.0
2025-12-10T21:17:57.002678,0.555,0.445,1.0
2025-12-10T21:17:57.643317,0.55,0.455,1.0050000000000001
2025-12-10T21:17:58.272124,0.545,0.455,1.0
2025-12-10T21:17:58.922385,0.57,0.43,1.0
2025-12-10T21:17:59.685736,0.575,0.425,1.0
2025-12-10T21:18:00.328136,0.585,0.415,1.0
2025-12-10T21:18:00.965714,0.585,0.415,1.0
2025-12-10T21:18:01.628746,0.57,0.43,1.0
2025-12-10T21:18:02.253084,0.56,0.44,1.0
2025-12-10T21:18:02.911743,0.545,0.455,1.0
2025-12-10T21:18:03.545154,0.495,0.505,1.0
2025-12-10T21:18:04.188144,0.49,0.51,1.0
2025-12-10T21:18:04.822737,0.485,0.515,1.0
2025-12-10T21:18:05.464936,0.51,0.49,1.0
2025-12-10T21:18:06.088433,0.515,0.485,1.0
2025-12-10T21:18:06.735816,0.525,0.48,1.005
2025-12-10T21:18:07.355038,0.525,0.475,1.0
2025-12-10T21:18:08.006041,0.515,0.475,0.99
2025-12-10T21:18:08.752397,0.525,0.475,1.0
2025-12-10T21:18:09.518261,0.505,0.495,1.0
2025-12-10T21:18:10.211741,0.505,0.495,1.0
2025-12-10T21:18:09.228771,0.5,0.495,0.995
2025-12-10T21:18:09.881177,0.515,0.485,1.0
2025-12-10T21:18:10.521560,0.5,0.5,1.0
2025-12-10T21:18:11.162751,0.505,0.515,1.02
2025-12-10T21:18:11.819493,0.455,0.545,1.0
2025-12-10T21:18:12.481440,0.455,0.555,1.01
2025-12-10T21:18:13.112780,0.425,0.57,0.9949999999999999
2025-12-10T21:18:13.734493,0.445,0.555,1.0
2025-12-10T21:18:14.386232,0.42,0.585,1.005
2025-12-10T21:18:15.094565,0.405,0.595,1.0
2025-12-10T21:18:15.708780,0.395,0.605,1.0
2025-12-10T21:18:16.438833,0.395,0.605,1.0
2025-12-10T21:18:17.097081,0.395,0.605,1.0
2025-12-10T21:18:17.746213,0.415,0.585,1.0
2025-12-10T21:18:18.388920,0.425,0.575,1.0
2025-12-10T21:18:19.040650,0.435,0.565,1.0
2025-12-10T21:18:19.670847,0.44,0.56,1.0
2025-12-10T21:18:20.310209,0.445,0.555,1.0
2025-12-10T21:18:20.950137,0.435,0.565,1.0
2025-12-10T21:18:21.616324,0.425,0.575,1.0
2025-12-10T21:18:22.287869,0.415,0.585,1.0
2025-12-10T21:18:22.971328,0.43,0.575,1.005
2025-12-10T21:18:23.603348,0.44,0.555,0.9950000000000001
2025-12-10T21:18:24.254529,0.455,0.545,1.0
2025-12-10T21:18:24.949268,0.45,0.555,1.0050000000000001
2025-12-10T21:18:25.614946,0.435,0.555,0.99
2025-12-10T21:18:26.299316,0.435,0.565,1.0
2025-12-10T21:18:27.020041,0.39,0.61,1.0
2025-12-10T21:18:27.704472,0.385,0.625,1.01
2025-12-10T21:18:28.380503,0.375,0.625,1.0
2025-12-10T21:18:29.017152,0.385,0.61,0.995
2025-12-10T21:18:29.662783,0.415,0.585,1.0
2025-12-10T21:18:30.321434,0.395,0.605,1.0
2025-12-10T21:18:30.995912,0.385,0.615,1.0
2025-12-10T21:18:31.620372,0.385,0.615,1.0
2025-12-10T21:18:32.258897,0.385,0.615,1.0
2025-12-10T21:18:32.889223,0.375,0.625,1.0
2025-12-10T21:18:33.531469,0.365,0.635,1.0
2025-12-10T21:18:34.158038,0.365,0.635,1.0
2025-12-10T21:18:34.805181,0.365,0.635,1.0
2025-12-10T21:18:35.448118,0.335,0.665,1.0
2025-12-10T21:18:36.085255,0.345,0.655,1.0
2025-12-10T21:18:36.789731,0.365,0.645,1.01
2025-12-10T21:18:37.494208,0.355,0.655,1.01
2025-12-10T21:18:38.117378,0.365,0.62,0.985
2025-12-10T21:18:38.754243,0.375,0.625,1.0
2025-12-10T21:18:39.390123,0.35,0.65,1.0
2025-12-10T21:18:40.017460,0.345,0.655,1.0
2025-12-10T21:18:40.684871,0.335,0.665,1.0
2025-12-10T21:18:39.625107,0.335,0.665,1.0
2025-12-10T21:18:40.246904,0.325,0.675,1.0
2025-12-10T21:18:40.872344,0.345,0.655,1.0
2025-12-10T21:18:41.531997,0.345,0.655,1.0
2025-12-10T21:18:42.178248,0.355,0.645,1.0
2025-12-10T21:18:42.829531,0.35,0.65,1.0
2025-12-10T21:18:43.533893,0.345,0.655,1.0
2025-12-10T21:18:44.172640,0.35,0.65,1.0
2025-12-10T21:18:44.897362,0.35,0.65,1.0
2025-12-10T21:18:45.594784,0.345,0.655,1.0
2025-12-10T21:18:46.220060,0.345,0.66,1.005
2025-12-10T21:18:46.843066,0.335,0.665,1.0
2025-12-10T21:18:47.528563,0.335,0.665,1.0
2025-12-10T21:18:48.229074,0.335,0.665,1.0
2025-12-10T21:18:48.912539,0.335,0.665,1.0
2025-12-10T21:18:49.563224,0.335,0.665,1.0
2025-12-10T21:18:50.221168,0.335,0.67,1.0050000000000001
2025-12-10T21:18:50.845907,0.325,0.675,1.0
2025-12-10T21:18:51.503793,0.315,0.685,1.0
2025-12-10T21:18:52.191814,0.315,0.685,1.0
2025-12-10T21:18:52.842362,0.315,0.685,1.0
2025-12-10T21:18:53.496824,0.305,0.695,1.0
2025-12-10T21:18:54.182802,0.295,0.705,1.0
2025-12-10T21:18:54.839974,0.265,0.73,0.995
2025-12-10T21:18:55.557113,0.27,0.735,1.005
2025-12-10T21:18:56.187955,0.265,0.745,1.01
2025-12-10T21:18:56.816390,0.255,0.745,1.0
2025-12-10T21:18:57.469928,0.25,0.755,1.005
2025-12-10T21:18:58.129736,0.235,0.765,1.0
2025-12-10T21:18:58.783703,0.225,0.775,1.0
2025-12-10T21:18:59.470523,0.235,0.765,1.0
2025-12-10T21:19:00.118913,0.235,0.765,1.0
2025-12-10T21:19:00.814645,0.245,0.755,1.0
2025-12-10T21:19:01.453847,0.245,0.755,1.0
2025-12-10T21:19:02.081957,0.24,0.765,1.005
2025-12-10T21:19:02.718429,0.235,0.765,1.0
2025-12-10T21:19:03.395275,0.245,0.755,1.0
2025-12-10T21:19:04.020773,0.255,0.765,1.02
2025-12-10T21:19:04.697205,0.225,0.78,1.0050000000000001
2025-12-10T21:19:05.335581,0.23,0.77,1.0
2025-12-10T21:19:06.021701,0.235,0.765,1.0
2025-12-10T21:19:06.717645,0.23,0.77,1.0
2025-12-10T21:19:07.356471,0.24,0.76,1.0
2025-12-10T21:19:08.068329,0.235,0.755,0.99
2025-12-10T21:19:08.709227,0.245,0.755,1.0
2025-12-10T21:19:09.340723,0.235,0.765,1.0
2025-12-10T21:19:09.998680,0.24,0.76,1.0
2025-12-10T21:19:10.700483,0.245,0.77,1.0150000000000001
2025-12-10T21:19:11.376422,0.225,0.775,1.0
2025-12-10T21:19:10.363905,0.235,0.765,1.0
2025-12-10T21:19:11.026743,0.235,0.765,1.0
2025-12-10T21:19:11.668059,0.245,0.755,1.0
2025-12-10T21:19:12.343845,0.26,0.735,0.995
2025-12-10T21:19:13.017034,0.285,0.715,1.0
2025-12-10T21:19:13.637429,0.3,0.7,1.0
2025-12-10T21:19:14.273591,0.305,0.695,1.0
2025-12-10T21:19:14.915722,0.315,0.685,1.0
2025-12-10T21:19:15.597081,0.315,0.68,0.9950000000000001
2025-12-10T21:19:16.235022,0.315,0.685,1.0
2025-12-10T21:19:16.863537,0.315,0.685,1.0
2025-12-10T21:19:17.570621,0.315,0.685,1.0
2025-12-10T21:19:18.268302,0.315,0.685,1.0
2025-12-10T21:19:18.917654,0.315,0.68,0.9950000000000001
2025-12-10T21:19:19.591557,0.305,0.695,1.0
2025-12-10T21:19:20.279079,0.295,0.715,1.01
2025-12-10T21:19:20.932783,0.255,0.745,1.0
2025-12-10T21:19:21.615745,0.25,0.755,1.005
2025-12-10T21:19:22.277112,0.26,0.745,1.005
2025-12-10T21:19:22.926027,0.26,0.745,1.005
2025-12-10T21:19:23.607208,0.265,0.74,1.005
2025-12-10T21:19:24.244595,0.26,0.74,1.0
2025-12-10T21:19:24.874187,0.26,0.74,1.0
2025-12-10T21:19:25.555235,0.25,0.755,1.005
2025-12-10T21:19:26.183301,0.24,0.76,1.0
2025-12-10T21:19:26.898682,0.245,0.765,1.01
2025-12-10T21:19:27.648049,0.255,0.755,1.01
2025-12-10T21:19:28.331748,0.245,0.755,1.0
2025-12-10T21:19:29.009210,0.235,0.765,1.0
2025-12-10T21:19:29.702253,0.225,0.775,1.0
2025-12-10T21:19:30.347802,0.22,0.78,1.0
2025-12-10T21:19:31.012535,0.22,0.78,1.0
2025-12-10T21:19:31.655789,0.215,0.785,1.0
2025-12-10T21:19:32.328420,0.215,0.785,1.0
2025-12-10T21:19:33.033059,0.195,0.805,1.0
2025-12-10T21:19:33.670152,0.195,0.805,1.0
2025-12-10T21:19:34.331956,0.195,0.805,1.0
2025-12-10T21:19:35.016306,0.195,0.805,1.0
2025-12-10T21:19:35.648271,0.185,0.815,1.0
2025-12-10T21:19:36.328557,0.185,0.815,1.0
2025-12-10T21:19:36.989288,0.195,0.805,1.0
2025-12-10T21:19:37.705816,0.185,0.815,1.0
2025-12-10T21:19:38.344414,0.18,0.82,1.0
2025-12-10T21:19:38.992846,0.175,0.825,1.0
2025-12-10T21:19:39.690250,0.165,0.835,1.0
2025-12-10T21:19:40.344379,0.16,0.835,0.995
2025-12-10T21:19:41.046593,0.175,0.825,1.0
2025-12-10T21:19:41.668922,0.175,0.825,1.0
2025-12-10T21:19:40.611711,0.175,0.825,1.0
2025-12-10T21:19:41.294905,0.155,0.855,1.01
2025-12-10T21:19:41.979916,0.145,0.85,0.995
2025-12-10T21:19:42.605595,0.145,0.855,1.0
2025-12-10T21:19:43.249198,0.135,0.865,1.0
2025-12-10T21:19:43.886504,0.135,0.865,1.0
2025-12-10T21:19:44.534189,0.135,0.865,1.0
2025-12-10T21:19:45.216354,0.135,0.865,1.0
2025-12-10T21:19:45.881880,0.14,0.855,0.995
2025-12-10T21:19:46.594250,0.13,0.875,1.005
2025-12-10T21:19:47.227343,0.13,0.87,1.0
2025-12-10T21:19:47.881960,0.13,0.87,1.0
2025-12-10T21:19:48.599550,0.135,0.865,1.0
2025-12-10T21:19:49.217574,0.145,0.855,1.0
2025-12-10T21:19:49.859155,0.145,0.85,0.995
2025-12-10T21:19:50.490404,0.145,0.855,1.0
2025-12-10T21:19:51.127884,0.145,0.855,1.0
2025-12-10T21:19:51.776208,0.135,0.865,1.0
2025-12-10T21:19:52.403981,0.14,0.86,1.0
2025-12-10T21:19:53.081882,0.145,0.855,1.0
2025-12-10T21:19:53.766269,0.145,0.855,1.0
2025-12-10T21:19:54.414662,0.135,0.865,1.0
2025-12-10T21:19:55.030528,0.135,0.87,1.005
2025-12-10T21:19:55.680519,0.13,0.87,1.0
2025-12-10T21:19:56.382716,0.115,0.885,1.0
2025-12-10T21:19:57.012938,0.125,0.875,1.0
2025-12-10T21:19:57.658927,0.12,0.88,1.0
2025-12-10T21:19:58.282170,0.13,0.87,1.0
2025-12-10T21:19:58.935137,0.135,0.865,1.0
2025-12-10T21:19:59.580651,0.12,0.88,1.0
2025-12-10T21:20:00.210287,0.12,0.88,1.0
2025-12-10T21:20:00.850985,0.12,0.88,1.0
2025-12-10T21:20:01.477817,0.115,0.885,1.0
2025-12-10T21:20:02.107529,0.11,0.895,1.0050000000000001
2025-12-10T21:20:02.752338,0.105,0.895,1.0
2025-12-10T21:20:03.382432,0.1,0.9,1.0
2025-12-10T21:20:04.034435,0.095,0.905,1.0
2025-12-10T21:20:04.688433,0.105,0.895,1.0
2025-12-10T21:20:05.315115,0.105,0.895,1.0
2025-12-10T21:20:05.952355,0.1,0.9,1.0
2025-12-10T21:20:06.622074,0.1,0.895,0.995
2025-12-10T21:20:07.282658,0.105,0.895,1.0
2025-12-10T21:20:07.927564,0.105,0.895,1.0
2025-12-10T21:20:08.649004,0.085,0.915,1.0
2025-12-10T21:20:09.298352,0.09,0.915,1.0050000000000001
2025-12-10T21:20:09.943145,0.095,0.905,1.0
2025-12-10T21:20:10.610039,0.105,0.895,1.0
2025-12-10T21:20:11.245696,0.095,0.91,1.0050000000000001
2025-12-10T21:20:11.869178,0.1,0.9,1.0
2025-12-10T21:20:12.491219,0.1,0.9,1.0
2025-12-10T21:20:11.441727,0.11,0.89,1.0
2025-12-10T21:20:12.095439,0.115,0.885,1.0
2025-12-10T21:20:12.775301,0.1,0.9,1.0
2025-12-10T21:20:13.408710,0.125,0.875,1.0
2025-12-10T21:20:14.070922,0.125,0.87,0.995
2025-12-10T21:20:14.701624,0.14,0.86,1.0
2025-12-10T21:20:15.352728,0.145,0.855,1.0
2025-12-10T21:20:15.980488,0.15,0.85,1.0
2025-12-10T21:20:16.595507,0.145,0.855,1.0
2025-12-10T21:20:17.256770,0.135,0.865,1.0
2025-12-10T21:20:17.875335,0.135,0.865,1.0
2025-12-10T21:20:18.499031,0.14,0.855,0.995
2025-12-10T21:20:19.155094,0.145,0.855,1.0
2025-12-10T21:20:19.852817,0.15,0.85,1.0
2025-12-10T21:20:20.481788,0.135,0.865,1.0
2025-12-10T21:20:21.189195,0.14,0.86,1.0
2025-12-10T21:20:21.801600,0.135,0.865,1.0
2025-12-10T21:20:22.469530,0.13,0.875,1.005
2025-12-10T21:20:23.135339,0.15,0.845,0.995
2025-12-10T21:20:23.777537,0.155,0.845,1.0
2025-12-10T21:20:24.439517,0.155,0.845,1.0
2025-12-10T21:20:25.070697,0.15,0.855,1.005
2025-12-10T21:20:25.767714,0.14,0.855,0.995
2025-12-10T21:20:26.416482,0.15,0.855,1.005
2025-12-10T21:20:27.097164,0.135,0.865,1.0
2025-12-10T21:20:27.745321,0.135,0.865,1.0
2025-12-10T21:20:28.433089,0.15,0.845,0.995
2025-12-10T21:20:29.119253,0.165,0.835,1.0
2025-12-10T21:20:29.757387,0.17,0.83,1.0
2025-12-10T21:20:30.394388,0.17,0.83,1.0
2025-12-10T21:20:31.052272,0.175,0.825,1.0
2025-12-10T21:20:31.706279,0.185,0.815,1.0
2025-12-10T21:20:32.351962,0.185,0.82,1.005
2025-12-10T21:20:33.074488,0.17,0.83,1.0
2025-12-10T21:20:33.726036,0.175,0.825,1.0
2025-12-10T21:20:34.382880,0.165,0.835,1.0
2025-12-10T21:20:35.020821,0.165,0.835,1.0
2025-12-10T21:20:35.665863,0.17,0.83,1.0
2025-12-10T21:20:36.298647,0.18,0.82,1.0
2025-12-10T21:20:36.936357,0.185,0.815,1.0
2025-12-10T21:20:37.566359,0.185,0.815,1.0
2025-12-10T21:20:38.440877,0.19,0.805,0.9950000000000001
2025-12-10T21:20:39.103903,0.185,0.815,1.0
2025-12-10T21:20:39.758549,0.185,0.815,1.0
2025-12-10T21:20:40.434819,0.185,0.83,1.015
2025-12-10T21:20:41.058684,0.165,0.835,1.0
2025-12-10T21:20:41.688101,0.17,0.83,1.0
2025-12-10T21:20:42.328100,0.17,0.83,1.0
2025-12-10T21:20:42.996709,0.17,0.83,1.0
2025-12-10T21:20:41.919121,0.18,0.82,1.0
2025-12-10T21:20:42.577043,0.175,0.83,1.005
2025-12-10T21:20:43.210745,0.165,0.835,1.0
2025-12-10T21:20:43.851696,0.165,0.83,0.995
2025-12-10T21:20:44.526685,0.17,0.83,1.0
2025-12-10T21:20:45.163851,0.16,0.84,1.0
2025-12-10T21:20:45.827250,0.16,0.84,1.0
2025-12-10T21:20:46.466261,0.16,0.84,1.0
2025-12-10T21:20:47.110954,0.16,0.84,1.0
2025-12-10T21:20:47.743418,0.155,0.845,1.0
2025-12-10T21:20:48.416113,0.16,0.84,1.0
2025-12-10T21:20:49.149022,0.145,0.855,1.0
2025-12-10T21:20:49.803275,0.155,0.845,1.0
2025-12-10T21:20:50.452989,0.16,0.84,1.0
2025-12-10T21:20:51.131694,0.165,0.835,1.0
2025-12-10T21:20:51.779078,0.165,0.835,1.0
2025-12-10T21:20:52.424050,0.16,0.84,1.0
2025-12-10T21:20:53.084874,0.175,0.825,1.0
2025-12-10T21:20:53.746467,0.175,0.825,1.0
2025-12-10T21:20:54.415729,0.175,0.825,1.0
2025-12-10T21:20:55.140399,0.17,0.84,1.01
2025-12-10T21:20:55.776914,0.16,0.84,1.0
2025-12-10T21:20:56.398832,0.165,0.835,1.0
2025-12-10T21:20:57.139824,0.175,0.84,1.015
2025-12-10T21:20:57.804397,0.16,0.84,1.0
2025-12-10T21:20:58.445376,0.16,0.84,1.0
2025-12-10T21:20:59.106695,0.165,0.835,1.0
2025-12-10T21:20:59.773454,0.165,0.84,1.005
2025-12-10T21:21:00.433108,0.15,0.855,1.005
2025-12-10T21:21:01.077432,0.135,0.865,1.0
2025-12-10T21:21:01.725501,0.13,0.865,0.995
2025-12-10T21:21:02.374490,0.135,0.865,1.0
2025-12-10T21:21:03.042212,0.13,0.87,1.0
2025-12-10T21:21:03.676274,0.125,0.875,1.0
2025-12-10T21:21:04.309041,0.145,0.855,1.0
2025-12-10T21:21:04.978534,0.145,0.855,1.0
2025-12-10T21:21:05.658737,0.15,0.85,1.0
2025-12-10T21:21:06.346824,0.16,0.84,1.0
2025-12-10T21:21:07.111958,0.17,0.83,1.0
2025-12-10T21:21:07.806161,0.165,0.835,1.0
2025-12-10T21:21:08.466009,0.17,0.83,1.0
2025-12-10T21:21:09.155336,0.175,0.825,1.0
2025-12-10T21:21:09.826284,0.18,0.82,1.0
2025-12-10T21:21:10.506883,0.185,0.815,1.0
2025-12-10T21:21:11.166736,0.185,0.815,1.0
2025-12-10T21:21:11.804928,0.185,0.815,1.0
2025-12-10T21:21:12.450927,0.195,0.805,1.0
2025-12-10T21:21:13.074048,0.19,0.81,1.0
2025-12-10T21:21:13.713587,0.19,0.81,1.0
2025-12-10T21:21:12.709177,0.19,0.805,0.9950000000000001
2025-12-10T21:21:13.379825,0.19,0.81,1.0
2025-12-10T21:21:14.047021,0.185,0.815,1.0
2025-12-10T21:21:14.673690,0.175,0.825,1.0
2025-12-10T21:21:15.319295,0.18,0.825,1.005
2025-12-10T21:21:15.983169,0.19,0.81,1.0
2025-12-10T21:21:16.623239,0.175,0.83,1.005
2025-12-10T21:21:17.305879,0.165,0.835,1.0
2025-12-10T21:21:17.973373,0.165,0.835,1.0
2025-12-10T21:21:18.610144,0.18,0.82,1.0
2025-12-10T21:21:19.281677,0.18,0.81,0.99
2025-12-10T21:21:19.941485,0.195,0.805,1.0
2025-12-10T21:21:20.590926,0.185,0.815,1.0
2025-12-10T21:21:21.240940,0.17,0.83,1.0
2025-12-10T21:21:21.878206,0.175,0.825,1.0
2025-12-10T21:21:22.502047,0.18,0.83,1.01
2025-12-10T21:21:23.273192,0.17,0.83,1.0
2025-12-10T21:21:23.973906,0.17,0.83,1.0
2025-12-10T21:21:24.612931,0.17,0.83,1.0
2025-12-10T21:21:25.307619,0.17,0.83,1.0
2025-12-10T21:21:26.040130,0.18,0.82,1.0
2025-12-10T21:21:26.729141,0.185,0.82,1.005
2025-12-10T21:21:27.462176,0.185,0.815,1.0
2025-12-10T21:21:28.200695,0.195,0.805,1.0
2025-12-10T21:21:28.877806,0.195,0.8,0.9950000000000001
2025-12-10T21:21:29.540956,0.195,0.805,1.0
2025-12-10T21:21:30.198075,0.185,0.815,1.0
2025-12-10T21:21:30.838957,0.185,0.815,1.0
2025-12-10T21:21:31.545136,0.185,0.815,1.0
2025-12-10T21:21:32.178755,0.185,0.815,1.0
2025-12-10T21:21:32.870600,0.185,0.815,1.0
2025-12-10T21:21:33.540711,0.185,0.815,1.0
2025-12-10T21:21:34.179214,0.195,0.805,1.0
2025-12-10T21:21:34.954316,0.195,0.805,1.0
2025-12-10T21:21:35.604247,0.19,0.815,1.005
2025-12-10T21:21:36.300111,0.185,0.815,1.0
2025-12-10T21:21:36.997766,0.165,0.835,1.0
2025-12-10T21:21:37.645134,0.165,0.835,1.0
2025-12-10T21:21:38.325107,0.16,0.84,1.0
2025-12-10T21:21:38.942029,0.165,0.835,1.0
2025-12-10T21:21:39.583719,0.165,0.835,1.0
2025-12-10T21:21:40.257736,0.175,0.825,1.0
2025-12-10T21:21:40.903980,0.175,0.825,1.0
2025-12-10T21:21:41.524043,0.185,0.815,1.0
2025-12-10T21:21:42.162435,0.185,0.815,1.0
2025-12-10T21:21:42.795124,0.18,0.82,1.0
2025-12-10T21:21:43.450246,0.185,0.815,1.0
2025-12-10T21:21:44.096892,0.19,0.81,1.0
2025-12-10T21:21:43.041734,0.175,0.825,1.0
2025-12-10T21:21:43.701709,0.175,0.83,1.005
2025-12-10T21:21:44.443865,0.165,0.835,1.0
2025-12-10T21:21:45.118397,0.165,0.835,1.0
2025-12-10T21:21:45.765212,0.165,0.835,1.0
2025-12-10T21:21:46.434811,0.165,0.82,0.985
2025-12-10T21:21:47.131051,0.18,0.815,0.9949999999999999
2025-12-10T21:21:47.842436,0.185,0.815,1.0
2025-12-10T21:21:48.557102,0.175,0.825,1.0
2025-12-10T21:21:49.230048,0.175,0.825,1.0
2025-12-10T21:21:49.980479,0.165,0.835,1.0
2025-12-10T21:21:50.658038,0.165,0.835,1.0
2025-12-10T21:21:51.316328,0.165,0.835,1.0
2025-12-10T21:21:51.937197,0.175,0.825,1.0
2025-12-10T21:21:52.599787,0.18,0.825,1.005
2025-12-10T21:21:53.237619,0.165,0.835,1.0
2025-12-10T21:21:53.853556,0.165,0.835,1.0
2025-12-10T21:21:54.486056,0.165,0.835,1.0
2025-12-10T21:21:55.145036,0.155,0.845,1.0
2025-12-10T21:21:55.774682,0.155,0.845,1.0
2025-12-10T21:21:56.424308,0.16,0.835,0.995
2025-12-10T21:21:57.073962,0.165,0.835,1.0
2025-12-10T21:21:57.788620,0.165,0.835,1.0
2025-12-10T21:21:58.443607,0.17,0.83,1.0
2025-12-10T21:21:59.087973,0.175,0.825,1.0
2025-12-10T21:21:59.730484,0.17,0.83,1.0
2025-12-10T21:22:00.537569,0.16,0.84,1.0
2025-12-10T21:22:01.235030,0.175,0.83,1.005
2025-12-10T21:22:01.937206,0.16,0.84,1.0
2025-12-10T21:22:02.572003,0.16,0.835,0.995
2025-12-10T21:22:03.199376,0.155,0.845,1.0
2025-12-10T21:22:03.850528,0.135,0.865,1.0
2025-12-10T21:22:04.486285,0.135,0.865,1.0
2025-12-10T21:22:05.245972,0.13,0.875,1.005
2025-12-10T21:22:05.890961,0.125,0.875,1.0
2025-12-10T21:22:06.575801,0.125,0.875,1.0
2025-12-10T21:22:07.270887,0.125,0.875,1.0
2025-12-10T21:22:07.935406,0.115,0.885,1.0
2025-12-10T21:22:08.619091,0.115,0.885,1.0
2025-12-10T21:22:09.270828,0.115,0.89,1.0050000000000001
2025-12-10T21:22:09.922423,0.105,0.895,1.0
2025-12-10T21:22:10.567030,0.105,0.895,1.0
2025-12-10T21:22:11.215767,0.095,0.905,1.0
2025-12-10T21:22:11.837097,0.085,0.915,1.0
2025-12-10T21:22:12.502533,0.085,0.915,1.0
2025-12-10T21:22:13.159821,0.09,0.915,1.0050000000000001
2025-12-10T21:22:13.837337,0.08,0.92,1.0
2025-12-10T21:22:14.472083,0.075,0.925,1.0
2025-12-10T21:22:13.461270,0.075,0.925,1.0
2025-12-10T21:22:14.112311,0.075,0.925,1.0
2025-12-10T21:22:14.738064,0.075,0.925,1.0
2025-12-10T21:22:15.416568,0.08,0.92,1.0
2025-12-10T21:22:16.076060,0.085,0.915,1.0
2025-12-10T21:22:16.793091,0.075,0.93,1.0050000000000001
2025-12-10T21:22:17.428404,0.065,0.935,1.0
2025-12-10T21:22:18.056335,0.065,0.935,1.0
2025-12-10T21:22:18.780268,0.065,0.935,1.0
2025-12-10T21:22:19.467080,0.06,0.94,1.0
2025-12-10T21:22:20.125605,0.065,0.935,1.0
2025-12-10T21:22:20.749878,0.065,0.935,1.0
2025-12-10T21:22:21.402007,0.06,0.94,1.0
2025-12-10T21:22:22.037546,0.065,0.935,1.0
2025-12-10T21:22:22.679467,0.065,0.935,1.0
2025-12-10T21:22:23.337450,0.065,0.935,1.0
2025-12-10T21:22:23.981779,0.075,0.925,1.0
2025-12-10T21:22:24.608471,0.07,0.93,1.0
2025-12-10T21:22:25.296265,0.075,0.925,1.0
2025-12-10T21:22:26.022256,0.065,0.935,1.0
2025-12-10T21:22:26.654475,0.07,0.925,0.9950000000000001
2025-12-10T21:22:27.361172,0.075,0.925,1.0
2025-12-10T21:22:28.055567,0.075,0.925,1.0
2025-12-10T21:22:28.773285,0.07,0.93,1.0
2025-12-10T21:22:29.424958,0.06,0.94,1.0
2025-12-10T21:22:30.077246,0.055,0.94,0.995
2025-12-10T21:22:30.773948,0.06,0.94,1.0
2025-12-10T21:22:31.466319,0.07,0.93,1.0
2025-12-10T21:22:32.149057,0.075,0.925,1.0
2025-12-10T21:22:32.871225,0.075,0.925,1.0
2025-12-10T21:22:33.528398,0.06,0.94,1.0
2025-12-10T21:22:34.273135,0.045,0.955,1.0
2025-12-10T21:22:34.939896,0.045,0.965,1.01
2025-12-10T21:22:35.598971,0.035,0.965,1.0
2025-12-10T21:22:36.226227,0.035,0.965,1.0
2025-12-10T21:22:36.885267,0.035,0.965,1.0
2025-12-10T21:22:37.585937,0.035,0.965,1.0
2025-12-10T21:22:38.382840,0.035,0.965,1.0
2025-12-10T21:22:39.069247,0.035,0.965,1.0
2025-12-10T21:22:39.727863,0.025,0.975,1.0
2025-12-10T21:22:40.413051,0.025,0.975,1.0
2025-12-10T21:22:41.116341,0.025,0.975,1.0
2025-12-10T21:22:41.796941,0.025,0.975,1.0
2025-12-10T21:22:42.428337,0.025,0.975,1.0
2025-12-10T21:22:43.100058,0.03,0.97,1.0
2025-12-10T21:22:43.797766,0.035,0.975,1.01
2025-12-10T21:22:44.421783,0.025,0.975,1.0
2025-12-10T21:22:45.054589,0.025,0.975,1.0
2025-12-10T21:22:44.076996,0.025,0.975,1.0
2025-12-10T21:22:44.744867,0.03,0.97,1.0
2025-12-10T21:22:45.401670,0.03,0.97,1.0
2025-12-10T21:22:46.118396,0.035,0.965,1.0
2025-12-10T21:22:46.856257,0.035,0.965,1.0
2025-12-10T21:22:47.541847,0.035,0.965,1.0
2025-12-10T21:22:48.164933,0.035,0.965,1.0
2025-12-10T21:22:48.822945,0.035,0.965,1.0
2025-12-10T21:22:49.593375,0.035,0.965,1.0
2025-12-10T21:22:50.245777,0.035,0.965,1.0
2025-12-10T21:22:50.880071,0.04,0.96,1.0
2025-12-10T21:22:51.569953,0.045,0.955,1.0
2025-12-10T21:22:52.196809,0.035,0.965,1.0
2025-12-10T21:22:52.872452,0.035,0.965,1.0
2025-12-10T21:22:53.496160,0.035,0.965,1.0
2025-12-10T21:22:54.128473,0.035,0.965,1.0
2025-12-10T21:22:54.772290,0.035,0.965,1.0
2025-12-10T21:22:55.401258,0.035,0.965,1.0
2025-12-10T21:22:56.093286,0.035,0.965,1.0
2025-12-10T21:22:56.785059,0.035,0.965,1.0
2025-12-10T21:22:57.522843,0.035,0.965,1.0
2025-12-10T21:22:58.177828,0.025,0.975,1.0
2025-12-10T21:22:58.851116,0.025,0.975,1.0
2025-12-10T21:22:59.511969,0.025,0.975,1.0
2025-12-10T21:23:00.189530,0.035,0.965,1.0
2025-12-10T21:23:00.873558,0.04,0.96,1.0
2025-12-10T21:23:01.519837,0.025,0.975,1.0
2025-12-10T21:23:02.229898,0.03,0.97,1.0
2025-12-10T21:23:02.903165,0.025,0.975,1.0
2025-12-10T21:23:03.566224,0.025,0.975,1.0
2025-12-10T21:23:04.186236,0.025,0.975,1.0
2025-12-10T21:23:04.799073,0.025,0.975,1.0
2025-12-10T21:23:05.430448,0.025,0.975,1.0
2025-12-10T21:23:06.136684,0.025,0.975,1.0
2025-12-10T21:23:06.809354,0.025,0.97,0.995
2025-12-10T21:23:07.435628,0.035,0.965,1.0
2025-12-10T21:23:08.097924,0.035,0.965,1.0
2025-12-10T21:23:08.724539,0.045,0.955,1.0
2025-12-10T21:23:09.355368,0.035,0.96,0.995
2025-12-10T21:23:10.015143,0.035,0.965,1.0
2025-12-10T21:23:10.683578,0.035,0.965,1.0
2025-12-10T21:23:11.312125,0.025,0.975,1.0
2025-12-10T21:23:11.934776,0.035,0.965,1.0
2025-12-10T21:23:12.587615,0.035,0.965,1.0
2025-12-10T21:23:13.235778,0.035,0.965,1.0
2025-12-10T21:23:13.886598,0.04,0.96,1.0
2025-12-10T21:23:14.588011,0.035,0.975,1.01
2025-12-10T21:23:15.228149,0.025,0.975,1.0
2025-12-10T21:23:15.856954,0.045,0.95,0.995
2025-12-10T21:23:14.810476,0.045,0.955,1.0
2025-12-10T21:23:15.438609,0.045,0.955,1.0
2025-12-10T21:23:16.074148,0.035,0.965,1.0
2025-12-10T21:23:16.786586,0.03,0.965,0.995
2025-12-10T21:23:17.530978,0.025,0.975,1.0
2025-12-10T21:23:18.173321,0.025,0.975,1.0
2025-12-10T21:23:18.827554,0.03,0.97,1.0
2025-12-10T21:23:19.475866,0.025,0.975,1.0
2025-12-10T21:23:20.145956,0.025,0.975,1.0
2025-12-10T21:23:20.813565,0.025,0.975,1.0
2025-12-10T21:23:21.443826,0.025,0.975,1.0
2025-12-10T21:23:22.425357,0.025,0.975,1.0
2025-12-10T21:23:23.123809,0.025,0.975,1.0
2025-12-10T21:23:23.786911,0.025,0.975,1.0
2025-12-10T21:23:24.455810,0.025,0.975,1.0
2025-12-10T21:23:25.084297,0.025,0.975,1.0
2025-12-10T21:23:25.743186,0.025,0.975,1.0
2025-12-10T21:23:26.518858,0.025,0.975,1.0
2025-12-10T21:23:27.174384,0.025,0.98,1.005
2025-12-10T21:23:27.904241,0.015,0.985,1.0
2025-12-10T21:23:28.605332,0.015,0.985,1.0
2025-12-10T21:23:29.304783,0.015,0.985,1.0
2025-12-10T21:23:30.047250,0.015,0.985,1.0
2025-12-10T21:23:30.676461,0.015,0.985,1.0
2025-12-10T21:23:31.353035,0.015,0.985,1.0
2025-12-10T21:23:32.138251,0.015,0.98,0.995
2025-12-10T21:23:32.814492,0.025,0.975,1.0
2025-12-10T21:23:33.460258,0.025,0.975,1.0
2025-12-10T21:23:34.088956,0.025,0.975,1.0
2025-12-10T21:23:34.746434,0.025,0.975,1.0
2025-12-10T21:23:35.454435,0.02,0.98,1.0
2025-12-10T21:23:36.414971,0.025,0.975,1.0
2025-12-10T21:23:37.051443,0.02,0.98,1.0
2025-12-10T21:23:37.723872,0.02,0.98,1.0
2025-12-10T21:23:38.373508,0.02,0.97,0.99
2025-12-10T21:23:38.991435,0.03,0.97,1.0
2025-12-10T21:23:39.681316,0.035,0.965,1.0
2025-12-10T21:23:40.350177,0.035,0.965,1.0
2025-12-10T21:23:41.024030,0.035,0.965,1.0
2025-12-10T21:23:41.666917,0.035,0.965,1.0
2025-12-10T21:23:42.383696,0.035,0.965,1.0
2025-12-10T21:23:43.053218,0.025,0.975,1.0
2025-12-10T21:23:43.685060,0.03,0.97,1.0
2025-12-10T21:23:44.338276,0.03,0.97,1.0
2025-12-10T21:23:45.004579,0.025,0.975,1.0
2025-12-10T21:23:45.670527,0.025,0.975,1.0
2025-12-10T21:23:46.294817,0.025,0.975,1.0
2025-12-10T21:23:45.319636,0.025,0.975,1.0
2025-12-10T21:23:45.971019,0.035,0.965,1.0
2025-12-10T21:23:46.615618,0.025,0.975,1.0
2025-12-10T21:23:47.275135,0.025,0.975,1.0
2025-12-10T21:23:47.967170,0.03,0.97,1.0
2025-12-10T21:23:48.596582,0.025,0.975,1.0
2025-12-10T21:23:49.295298,0.03,0.97,1.0
2025-12-10T21:23:49.951402,0.03,0.97,1.0
2025-12-10T21:23:50.600713,0.03,0.97,1.0
2025-12-10T21:23:51.258284,0.03,0.97,1.0
2025-12-10T21:23:51.900882,0.03,0.965,0.995
2025-12-10T21:23:52.529563,0.035,0.965,1.0
2025-12-10T21:23:53.162185,0.035,0.965,1.0
2025-12-10T21:23:53.807389,0.035,0.965,1.0
2025-12-10T21:23:54.452843,0.035,0.965,1.0
2025-12-10T21:23:55.081134,0.035,0.965,1.0
2025-12-10T21:23:55.751283,0.035,0.965,1.0
2025-12-10T21:23:56.414605,0.035,0.965,1.0
2025-12-10T21:23:57.036876,0.035,0.97,1.005
2025-12-10T21:23:57.671499,0.03,0.97,1.0
2025-12-10T21:23:58.287349,0.03,0.97,1.0
2025-12-10T21:23:58.942280,0.025,0.975,1.0
2025-12-10T21:23:59.575658,0.03,0.97,1.0
2025-12-10T21:24:00.245857,0.035,0.965,1.0
2025-12-10T21:24:00.955770,0.035,0.965,1.0
2025-12-10T21:24:01.618282,0.035,0.965,1.0
2025-12-10T21:24:02.280535,0.035,0.965,1.0
2025-12-10T21:24:02.931522,0.025,0.975,1.0
2025-12-10T21:24:03.609554,0.025,0.975,1.0
2025-12-10T21:24:04.246205,0.015,0.985,1.0
2025-12-10T21:24:04.862302,0.02,0.98,1.0
2025-12-10T21:24:05.505977,0.025,0.975,1.0
2025-12-10T21:24:06.156030,0.025,0.975,1.0
2025-12-10T21:24:06.792965,0.02,0.98,1.0
2025-12-10T21:24:07.424936,0.025,0.975,1.0
2025-12-10T21:24:08.057213,0.015,0.985,1.0
2025-12-10T21:24:08.702808,0.015,0.985,1.0
2025-12-10T21:24:09.431888,0.015,0.985,1.0
2025-12-10T21:24:10.095739,0.015,0.985,1.0
2025-12-10T21:24:10.848675,0.015,0.985,1.0
2025-12-10T21:24:11.489393,0.015,0.985,1.0
2025-12-10T21:24:12.122789,0.015,0.985,1.0
2025-12-10T21:24:12.770229,0.015,0.985,1.0
2025-12-10T21:24:13.400499,0.015,0.985,1.0
2025-12-10T21:24:14.028868,0.015,0.985,1.0
2025-12-10T21:24:14.695201,0.015,0.985,1.0
2025-12-10T21:24:15.322146,0.015,0.985,1.0
2025-12-10T21:24:15.946828,0.015,0.985,1.0
2025-12-10T21:24:16.584524,0.015,0.985,1.0
2025-12-10T21:24:15.526944,0.015,0.985,1.0
2025-12-10T21:24:16.170862,0.015,0.985,1.0
2025-12-10T21:24:16.828299,0.015,0.985,1.0
2025-12-10T21:24:17.466622,0.015,0.985,1.0
2025-12-10T21:24:18.112331,0.015,0.985,1.0
2025-12-10T21:24:18.756208,0.015,0.985,1.0
2025-12-10T21:24:19.381724,0.015,0.985,1.0
2025-12-10T21:24:20.038514,0.015,0.985,1.0
2025-12-10T21:24:20.670124,0.015,0.985,1.0
2025-12-10T21:24:21.336225,0.02,0.98,1.0
2025-12-10T21:24:22.004081,0.02,0.98,1.0
2025-12-10T21:24:22.657934,0.025,0.975,1.0
2025-12-10T21:24:23.341326,0.025,0.975,1.0
2025-12-10T21:24:23.983394,0.025,0.975,1.0
2025-12-10T21:24:24.610797,0.025,0.975,1.0
2025-12-10T21:24:25.268296,0.025,0.975,1.0
2025-12-10T21:24:25.915750,0.025,0.975,1.0
2025-12-10T21:24:26.584923,0.025,0.975,1.0
2025-12-10T21:24:27.226742,0.025,0.975,1.0
2025-12-10T21:24:27.880973,0.025,0.975,1.0
2025-12-10T21:24:28.551347,0.02,0.98,1.0
2025-12-10T21:24:29.218240,0.02,0.98,1.0
2025-12-10T21:24:29.869895,0.025,0.975,1.0
2025-12-10T21:24:30.522983,0.025,0.975,1.0
2025-12-10T21:24:31.170345,0.025,0.975,1.0
2025-12-10T21:24:31.807559,0.025,0.975,1.0
2025-12-10T21:24:32.486021,0.025,0.975,1.0
2025-12-10T21:24:33.155618,0.015,0.985,1.0
2025-12-10T21:24:33.787083,0.015,0.985,1.0
2025-12-10T21:24:34.495747,0.015,0.985,1.0
2025-12-10T21:24:35.135055,0.015,0.985,1.0
2025-12-10T21:24:35.795919,0.015,0.985,1.0
2025-12-10T21:24:36.428168,0.015,0.985,1.0
2025-12-10T21:24:37.104126,0.015,0.985,1.0
2025-12-10T21:24:37.801225,0.015,0.985,1.0
2025-12-10T21:24:38.464029,0.015,0.985,1.0
2025-12-10T21:24:39.108202,0.015,0.985,1.0
2025-12-10T21:24:39.768295,0.015,0.985,1.0
2025-12-10T21:24:40.396873,0.015,0.985,1.0
2025-12-10T21:24:41.059163,0.015,0.985,1.0
2025-12-10T21:24:41.705046,0.015,0.985,1.0
2025-12-10T21:24:42.352361,0.015,0.985,1.0
2025-12-10T21:24:42.997699,0.015,0.985,1.0
2025-12-10T21:24:43.637082,0.015,0.985,1.0
2025-12-10T21:24:44.282992,0.015,0.985,1.0
2025-12-10T21:24:44.910836,0.015,0.985,1.0
2025-12-10T21:24:45.576989,0.015,0.985,1.0
2025-12-10T21:24:46.222386,0.015,0.985,1.0
2025-12-10T21:24:46.845733,0.015,0.985,1.0
2025-12-10T21:24:47.503727,0.015,0.985,1.0
2025-12-10T21:24:46.534070,0.015,0.985,1.0
2025-12-10T21:24:47.218753,0.015,0.985,1.0
2025-12-10T21:24:47.938560,0.015,0.985,1.0
2025-12-10T21:24:48.600770,0.015,0.985,1.0
2025-12-10T21:24:49.290141,0.015,0.985,1.0
2025-12-10T21:24:49.917220,0.015,0.985,1.0
2025-12-10T21:24:50.546859,0.015,0.985,1.0
2025-12-10T21:24:51.170362,0.015,0.985,1.0
2025-12-10T21:24:51.832864,0.015,0.985,1.0
2025-12-10T21:24:52.477854,0.015,0.985,1.0
2025-12-10T21:24:53.146256,0.015,0.985,1.0
2025-12-10T21:24:53.806626,0.015,0.985,1.0
2025-12-10T21:24:54.450405,0.015,0.985,1.0
2025-12-10T21:24:55.102099,0.015,0.985,1.0
2025-12-10T21:24:55.793535,0.015,0.985,1.0
2025-12-10T21:24:56.455804,0.015,0.985,1.0
2025-12-10T21:24:57.123389,0.015,0.985,1.0
2025-12-10T21:24:57.762293,0.015,0.985,1.0
2025-12-10T21:24:58.431470,0.015,0.985,1.0
2025-12-10T21:24:59.122127,0.015,0.985,1.0
2025-12-10T21:24:59.745122,0.015,0.985,1.0
2025-12-10T21:25:00.421003,0.015,0.985,1.0
2025-12-10T21:25:01.114779,0.015,0.985,1.0
2025-12-10T21:25:01.878807,0.015,0.985,1.0
2025-12-10T21:25:02.568291,0.015,0.985,1.0
2025-12-10T21:25:03.332837,0.02,0.98,1.0
2025-12-10T21:25:04.048044,0.02,0.98,1.0
2025-12-10T21:25:04.769987,0.03,0.97,1.0
2025-12-10T21:25:05.446403,0.02,0.985,1.005
2025-12-10T21:25:06.161172,0.015,0.985,1.0
2025-12-10T21:25:06.973300,0.015,0.985,1.0
2025-12-10T21:25:07.699283,0.015,0.985,1.0
2025-12-10T21:25:08.368410,0.015,0.985,1.0
2025-12-10T21:25:09.053501,0.015,0.985,1.0
2025-12-10T21:25:09.690901,0.015,0.985,1.0
2025-12-10T21:25:10.440415,0.015,0.985,1.0
2025-12-10T21:25:11.070401,0.015,0.985,1.0
2025-12-10T21:25:11.757491,0.015,0.985,1.0
2025-12-10T21:25:12.447479,0.015,0.985,1.0
2025-12-10T21:25:13.087339,0.025,0.975,1.0
2025-12-10T21:25:13.743377,0.025,0.975,1.0
2025-12-10T21:25:14.412553,0.025,0.97,0.995
2025-12-10T21:25:15.090190,0.025,0.975,1.0
2025-12-10T21:25:15.819404,0.035,0.965,1.0
2025-12-10T21:25:16.488029,0.035,0.965,1.0
2025-12-10T21:25:17.126168,0.035,0.965,1.0
2025-12-10T21:25:17.799008,0.025,0.97,0.995
2025-12-10T21:25:16.778452,0.025,0.975,1.0
2025-12-10T21:25:17.417871,0.035,0.965,1.0
2025-12-10T21:25:18.050674,0.035,0.965,1.0
2025-12-10T21:25:18.732711,0.03,0.97,1.0
2025-12-10T21:25:19.421910,0.025,0.975,1.0
2025-12-10T21:25:20.063067,0.035,0.965,1.0
2025-12-10T21:25:20.731415,0.035,0.965,1.0
2025-12-10T21:25:21.388931,0.035,0.965,1.0
2025-12-10T21:25:22.037733,0.035,0.965,1.0
2025-12-10T21:25:22.707796,0.035,0.965,1.0
2025-12-10T21:25:23.329607,0.035,0.965,1.0
2025-12-10T21:25:23.988983,0.035,0.965,1.0
2025-12-10T21:25:24.630595,0.035,0.97,1.005
2025-12-10T21:25:25.297015,0.025,0.975,1.0
2025-12-10T21:25:25.931568,0.025,0.975,1.0
2025-12-10T21:25:26.630458,0.025,0.975,1.0
2025-12-10T21:25:27.310138,0.025,0.975,1.0
2025-12-10T21:25:28.034338,0.025,0.975,1.0
2025-12-10T21:25:28.734064,0.025,0.975,1.0
2025-12-10T21:25:29.389731,0.025,0.975,1.0
2025-12-10T21:25:30.022879,0.025,0.975,1.0
2025-12-10T21:25:30.748642,0.03,0.97,1.0
2025-12-10T21:25:31.376348,0.025,0.975,1.0
2025-12-10T21:25:32.114143,0.025,0.975,1.0
2025-12-10T21:25:32.891834,0.025,0.975,1.0
2025-12-10T21:25:33.551554,0.025,0.975,1.0
2025-12-10T21:25:34.358686,0.025,0.975,1.0
2025-12-10T21:25:34.987274,0.025,0.975,1.0
2025-12-10T21:25:35.633084,0.025,0.975,1.0
2025-12-10T21:25:36.288574,0.025,0.975,1.0
2025-12-10T21:25:36.952842,0.025,0.975,1.0
2025-12-10T21:25:37.620856,0.025,0.975,1.0
2025-12-10T21:25:38.245572,0.025,0.975,1.0
2025-12-10T21:25:38.894567,0.025,0.97,0.995
2025-12-10T21:25:39.573865,0.025,0.975,1.0
2025-12-10T21:25:40.334397,0.025,0.975,1.0
2025-12-10T21:25:40.955246,0.025,0.975,1.0
2025-12-10T21:25:41.589742,0.025,0.975,1.0
2025-12-10T21:25:42.247186,0.025,0.975,1.0
2025-12-10T21:25:42.899249,0.025,0.975,1.0
2025-12-10T21:25:43.578881,0.03,0.975,1.005
2025-12-10T21:25:44.226320,0.025,0.975,1.0
2025-12-10T21:25:44.910452,0.025,0.975,1.0
2025-12-10T21:25:45.534471,0.025,0.975,1.0
2025-12-10T21:25:46.158821,0.025,0.975,1.0
2025-12-10T21:25:46.820817,0.025,0.975,1.0
2025-12-10T21:25:47.504273,0.025,0.975,1.0
2025-12-10T21:25:48.138954,0.025,0.975,1.0
2025-12-10T21:25:48.758760,0.025,0.975,1.0
2025-12-10T21:25:47.670242,0.025,0.975,1.0
2025-12-10T21:25:48.347645,0.025,0.975,1.0
2025-12-10T21:25:48.995992,0.025,0.975,1.0
2025-12-10T21:25:49.662538,0.025,0.975,1.0
2025-12-10T21:25:50.301848,0.025,0.975,1.0
2025-12-10T21:25:50.910614,0.025,0.975,1.0
2025-12-10T21:25:51.581164,0.025,0.975,1.0
2025-12-10T21:25:52.193701,0.025,0.975,1.0
2025-12-10T21:25:52.854236,0.025,0.975,1.0
2025-12-10T21:25:53.461478,0.025,0.975,1.0
2025-12-10T21:25:54.090948,0.025,0.975,1.0
2025-12-10T21:25:54.720004,0.025,0.975,1.0
2025-12-10T21:25:55.366192,0.025,0.975,1.0
2025-12-10T21:25:56.010221,0.025,0.975,1.0
2025-12-10T21:25:56.673630,0.025,0.975,1.0
2025-12-10T21:25:57.363719,0.025,0.975,1.0
2025-12-10T21:25:57.987451,0.025,0.975,1.0
2025-12-10T21:25:58.609766,0.025,0.975,1.0
2025-12-10T21:25:59.253852,0.025,0.975,1.0
2025-12-10T21:25:59.881974,0.025,0.975,1.0
2025-12-10T21:26:00.515858,0.025,0.975,1.0
2025-12-10T21:26:01.178423,0.025,0.975,1.0
2025-12-10T21:26:01.830078,0.025,0.975,1.0
2025-12-10T21:26:02.541418,0.025,0.975,1.0
2025-12-10T21:26:03.215224,0.025,0.98,1.005
2025-12-10T21:26:03.876990,0.02,0.98,1.0
2025-12-10T21:26:04.548146,0.02,0.98,1.0
2025-12-10T21:26:05.197248,0.015,0.985,1.0
2025-12-10T21:26:05.838790,0.02,0.98,1.0
2025-12-10T21:26:06.487384,0.025,0.975,1.0
2025-12-10T21:26:07.139242,0.015,0.985,1.0
2025-12-10T21:26:07.799185,0.015,0.985,1.0
2025-12-10T21:26:08.464836,0.015,0.985,1.0
2025-12-10T21:26:09.114532,0.015,0.985,1.0
2025-12-10T21:26:09.774996,0.015,0.985,1.0
2025-12-10T21:26:10.468907,0.015,0.985,1.0
2025-12-10T21:26:11.102037,0.015,0.985,1.0
2025-12-10T21:26:11.790761,0.015,0.985,1.0
2025-12-10T21:26:12.478525,0.015,0.985,1.0
2025-12-10T21:26:13.177037,0.015,0.985,1.0
2025-12-10T21:26:13.813882,0.015,0.985,1.0
2025-12-10T21:26:14.481504,0.015,0.985,1.0
2025-12-10T21:26:15.118958,0.015,0.985,1.0
2025-12-10T21:26:15.769425,0.015,0.985,1.0
2025-12-10T21:26:16.417708,0.015,0.985,1.0
2025-12-10T21:26:17.077731,0.015,0.985,1.0
2025-12-10T21:26:17.712166,0.025,0.975,1.0
2025-12-10T21:26:18.416680,0.015,0.985,1.0
2025-12-10T21:26:19.036263,0.015,0.985,1.0
2025-12-10T21:26:17.985676,0.015,0.985,1.0
2025-12-10T21:26:18.654658,0.015,0.985,1.0
2025-12-10T21:26:19.333231,0.015,0.985,1.0
2025-12-10T21:26:19.968329,0.015,0.985,1.0
2025-12-10T21:26:20.588138,0.015,0.985,1.0
2025-12-10T21:26:21.230238,0.015,0.985,1.0
2025-12-10T21:26:21.854165,0.015,0.985,1.0
2025-12-10T21:26:22.567924,0.015,0.985,1.0
2025-12-10T21:26:23.198264,0.015,0.985,1.0
2025-12-10T21:26:23.887193,0.015,0.985,1.0
2025-12-10T21:26:24.560681,0.015,0.985,1.0
2025-12-10T21:26:25.195145,0.015,0.985,1.0
2025-12-10T21:26:25.844549,0.015,0.985,1.0
2025-12-10T21:26:26.590223,0.015,0.985,1.0
2025-12-10T21:26:27.219063,0.015,0.985,1.0
2025-12-10T21:26:27.849072,0.015,0.985,1.0
2025-12-10T21:26:28.461735,0.015,0.985,1.0
2025-12-10T21:26:29.146977,0.015,0.985,1.0
2025-12-10T21:26:29.764996,0.015,0.985,1.0
2025-12-10T21:26:30.399950,0.015,0.985,1.0
2025-12-10T21:26:31.101484,0.015,0.985,1.0
2025-12-10T21:26:31.741167,0.015,0.985,1.0
2025-12-10T21:26:32.367142,0.015,0.985,1.0
2025-12-10T21:26:33.045445,0.015,0.985,1.0
2025-12-10T21:26:33.703658,0.015,0.985,1.0
2025-12-10T21:26:34.320657,0.015,0.985,1.0
2025-12-10T21:26:34.999751,0.015,0.985,1.0
2025-12-10T21:26:35.654057,0.015,0.985,1.0
2025-12-10T21:26:36.306377,0.015,0.985,1.0
2025-12-10T21:26:36.936398,0.015,0.985,1.0
2025-12-10T21:26:37.569072,0.015,0.985,1.0
2025-12-10T21:26:38.231607,0.015,0.985,1.0
2025-12-10T21:26:38.892147,0.015,0.985,1.0
2025-12-10T21:26:39.645270,0.015,0.985,1.0
2025-12-10T21:26:40.364083,0.015,0.985,1.0
2025-12-10T21:26:40.994960,0.015,0.985,1.0
2025-12-10T21:26:41.658207,0.015,0.985,1.0
2025-12-10T21:26:42.425024,0.015,0.985,1.0
2025-12-10T21:26:43.109214,0.015,0.985,1.0
2025-12-10T21:26:43.772529,0.015,0.985,1.0
2025-12-10T21:26:44.516672,0.015,0.985,1.0
2025-12-10T21:26:45.168001,0.015,0.985,1.0
2025-12-10T21:26:45.811606,0.015,0.985,1.0
2025-12-10T21:26:46.477976,0.015,0.985,1.0
2025-12-10T21:26:47.160178,0.015,0.985,1.0
2025-12-10T21:26:47.832037,0.015,0.985,1.0
2025-12-10T21:26:48.462829,0.015,0.985,1.0
2025-12-10T21:26:49.083151,0.015,0.985,1.0
2025-12-10T21:26:49.733015,0.015,0.985,1.0
2025-12-10T21:26:48.726291,0.015,0.985,1.0
2025-12-10T21:26:49.352843,0.015,0.985,1.0
2025-12-10T21:26:50.033153,0.015,0.985,1.0
2025-12-10T21:26:50.751243,0.015,0.985,1.0
2025-12-10T21:26:51.416513,0.015,0.985,1.0
2025-12-10T21:26:52.107005,0.015,0.985,1.0
2025-12-10T21:26:52.754628,0.015,0.985,1.0
2025-12-10T21:26:53.435652,0.015,0.985,1.0
2025-12-10T21:26:54.048771,0.015,0.985,1.0
2025-12-10T21:26:54.730054,0.015,0.985,1.0
2025-12-10T21:26:55.375287,0.015,0.985,1.0
2025-12-10T21:26:56.074689,0.015,0.985,1.0
2025-12-10T21:26:56.746442,0.015,0.985,1.0
2025-12-10T21:26:57.390082,0.015,0.985,1.0
2025-12-10T21:26:58.013823,0.015,0.985,1.0
2025-12-10T21:26:58.648595,0.015,0.985,1.0
2025-12-10T21:26:59.269017,0.015,0.985,1.0
2025-12-10T21:26:59.953689,0.015,0.985,1.0
2025-12-10T21:27:00.575140,0.015,0.985,1.0
2025-12-10T21:27:01.242923,0.015,0.985,1.0
2025-12-10T21:27:01.905621,0.015,0.985,1.0
2025-12-10T21:27:02.517679,0.015,0.985,1.0
2025-12-10T21:27:03.191443,0.015,0.985,1.0
2025-12-10T21:27:03.902446,0.015,0.985,1.0
2025-12-10T21:27:04.593075,0.015,0.985,1.0
2025-12-10T21:27:05.220163,0.015,0.985,1.0
2025-12-10T21:27:05.863099,0.015,0.985,1.0
2025-12-10T21:27:06.508597,0.015,0.985,1.0
2025-12-10T21:27:07.152845,0.015,0.985,1.0
2025-12-10T21:27:07.826205,0.015,0.985,1.0
2025-12-10T21:27:08.545801,0.015,0.985,1.0
2025-12-10T21:27:09.165600,0.015,0.985,1.0
2025-12-10T21:27:09.833801,0.015,0.985,1.0
2025-12-10T21:27:10.510238,0.015,0.985,1.0
2025-12-10T21:27:11.143628,0.015,0.985,1.0
2025-12-10T21:27:11.822013,0.015,0.985,1.0
2025-12-10T21:27:12.503652,0.015,0.985,1.0
2025-12-10T21:27:13.146089,0.015,0.985,1.0
2025-12-10T21:27:13.894828,0.015,0.985,1.0
2025-12-10T21:27:14.561844,0.015,0.985,1.0
2025-12-10T21:27:15.189870,0.015,0.985,1.0
2025-12-10T21:27:15.888402,0.015,0.995,1.01
2025-12-10T21:27:16.553990,0.005,0.995,1.0
2025-12-10T21:27:17.207810,0.005,0.995,1.0
2025-12-10T21:27:17.879549,0.005,0.995,1.0
2025-12-10T21:27:18.525752,0.005,0.995,1.0
2025-12-10T21:27:19.210717,0.005,0.995,1.0
2025-12-10T21:27:19.875052,0.005,0.995,1.0
2025-12-10T21:27:18.848828,0.005,0.995,1.0
2025-12-10T21:27:19.544412,0.01,0.99,1.0
2025-12-10T21:27:20.181352,0.01,0.99,1.0
2025-12-10T21:27:20.837141,0.005,0.995,1.0
2025-12-10T21:27:21.499698,0.005,0.995,1.0
2025-12-10T21:27:22.211882,0.005,0.995,1.0
2025-12-10T21:27:22.868067,0.005,0.995,1.0
2025-12-10T21:27:23.541656,0.005,0.995,1.0
2025-12-10T21:27:24.169835,0.005,0.995,1.0
2025-12-10T21:27:24.886015,0.005,0.995,1.0
2025-12-10T21:27:25.545575,0.005,0.995,1.0
2025-12-10T21:27:26.168385,0.005,0.995,1.0
2025-12-10T21:27:26.817821,0.005,0.995,1.0
2025-12-10T21:27:27.453904,0.005,0.995,1.0
2025-12-10T21:27:28.086957,0.005,0.995,1.0
2025-12-10T21:27:28.777325,0.005,0.995,1.0
2025-12-10T21:27:29.429719,0.005,0.995,1.0
2025-12-10T21:27:30.075304,0.005,0.995,1.0
2025-12-10T21:27:30.697755,0.005,0.995,1.0
2025-12-10T21:27:31.340019,0.005,0.995,1.0
2025-12-10T21:27:31.980162,0.005,0.995,1.0
2025-12-10T21:27:32.605520,0.005,0.995,1.0
2025-12-10T21:27:33.220609,0.005,0.995,1.0
2025-12-10T21:27:33.850792,0.005,0.995,1.0
2025-12-10T21:27:34.475910,0.005,0.995,1.0
2025-12-10T21:27:35.097284,0.005,0.995,1.0
2025-12-10T21:27:35.715383,0.005,0.995,1.0
2025-12-10T21:27:36.349325,0.005,0.995,1.0
2025-12-10T21:27:36.979788,0.005,0.995,1.0
2025-12-10T21:27:37.612495,0.005,0.995,1.0
2025-12-10T21:27:38.238017,0.005,0.995,1.0
2025-12-10T21:27:38.871203,0.005,0.995,1.0
2025-12-10T21:27:39.544340,0.005,0.995,1.0
2025-12-10T21:27:40.233318,0.005,0.995,1.0
2025-12-10T21:27:40.903961,0.005,0.995,1.0
2025-12-10T21:27:41.593923,0.005,0.995,1.0
2025-12-10T21:27:42.259426,0.005,0.995,1.0
2025-12-10T21:27:42.920119,0.005,0.995,1.0
2025-12-10T21:27:43.571217,0.005,0.995,1.0
2025-12-10T21:27:44.217825,0.005,0.995,1.0
2025-12-10T21:27:44.881620,0.005,0.995,1.0
2025-12-10T21:27:45.531724,0.005,0.995,1.0
2025-12-10T21:27:46.185356,0.005,0.995,1.0
2025-12-10T21:27:46.908108,0.005,0.995,1.0
2025-12-10T21:27:47.566721,0.005,0.995,1.0
2025-12-10T21:27:48.224790,0.005,0.995,1.0
2025-12-10T21:27:48.874781,0.005,0.995,1.0
2025-12-10T21:27:49.535532,0.005,0.995,1.0
2025-12-10T21:27:50.232157,0.005,0.995,1.0
2025-12-10T21:27:50.849775,0.005,0.995,1.0
2025-12-10T21:27:49.787709,0.005,0.995,1.0
2025-12-10T21:27:50.507854,0.005,0.995,1.0
2025-12-10T21:27:51.230623,0.005,0.995,1.0
2025-12-10T21:27:51.967055,0.005,0.995,1.0
2025-12-10T21:27:52.608983,0.005,0.995,1.0
2025-12-10T21:27:53.268496,0.005,0.995,1.0
2025-12-10T21:27:53.917256,0.005,0.995,1.0
2025-12-10T21:27:54.592455,0.005,0.995,1.0
2025-12-10T21:27:55.257801,0.005,0.995,1.0
2025-12-10T21:27:55.875344,0.005,0.995,1.0
2025-12-10T21:27:56.523286,0.005,0.995,1.0
2025-12-10T21:27:57.155051,0.005,0.995,1.0
2025-12-10T21:27:57.805705,0.005,0.995,1.0
2025-12-10T21:27:58.471243,0.005,0.995,1.0
2025-12-10T21:27:59.164885,0.005,0.995,1.0
2025-12-10T21:27:59.835411,0.005,0.995,1.0
2025-12-10T21:28:00.489044,0.005,0.995,1.0
2025-12-10T21:28:01.199499,0.005,0.995,1.0
2025-12-10T21:28:01.849542,0.005,0.995,1.0
2025-12-10T21:28:02.521164,0.005,0.995,1.0
2025-12-10T21:28:03.159027,0.005,0.995,1.0
2025-12-10T21:28:03.775182,0.005,0.995,1.0
2025-12-10T21:28:04.442202,0.005,0.995,1.0
2025-12-10T21:28:05.130886,0.005,0.995,1.0
2025-12-10T21:28:05.845474,0.005,0.995,1.0
2025-12-10T21:28:06.477904,0.005,0.995,1.0
2025-12-10T21:28:07.150256,0.005,0.995,1.0
2025-12-10T21:28:07.814730,0.005,0.995,1.0
2025-12-10T21:28:08.487473,0.005,0.995,1.0
2025-12-10T21:28:09.246276,0.005,0.995,1.0
2025-12-10T21:28:09.949547,0.005,0.995,1.0
2025-12-10T21:28:10.667636,0.005,0.995,1.0
2025-12-10T21:28:11.369974,0.005,0.995,1.0
2025-12-10T21:28:12.043514,0.005,0.995,1.0
2025-12-10T21:28:12.659544,0.005,0.995,1.0
2025-12-10T21:28:13.345955,0.005,0.995,1.0
2025-12-10T21:28:13.971296,0.005,0.995,1.0
2025-12-10T21:28:14.667022,0.005,0.995,1.0
2025-12-10T21:28:15.344170,0.005,0.995,1.0
2025-12-10T21:28:15.975805,0.005,0.995,1.0
2025-12-10T21:28:16.679061,0.005,0.995,1.0
2025-12-10T21:28:17.436240,0.005,0.995,1.0
2025-12-10T21:28:18.096756,0.005,0.995,1.0
2025-12-10T21:28:18.720209,0.005,0.995,1.0
2025-12-10T21:28:19.368855,0.005,0.995,1.0
2025-12-10T21:28:20.175067,0.005,0.995,1.0
2025-12-10T21:28:20.806858,0.005,0.995,1.0
2025-12-10T21:28:21.467692,0.005,0.995,1.0
2025-12-10T21:28:20.454722,0.005,0.995,1.0
2025-12-10T21:28:21.194300,0.005,0.995,1.0
2025-12-10T21:28:21.896864,0.005,0.995,1.0
2025-12-10T21:28:22.559448,0.005,0.995,1.0
2025-12-10T21:28:23.192039,0.005,0.995,1.0
2025-12-10T21:28:23.854035,0.005,0.995,1.0
2025-12-10T21:28:24.535606,0.005,0.995,1.0
2025-12-10T21:28:25.232748,0.005,0.995,1.0
2025-12-10T21:28:25.934372,0.005,0.995,1.0
2025-12-10T21:28:26.573506,0.005,0.995,1.0
2025-12-10T21:28:27.222673,0.005,0.995,1.0
2025-12-10T21:28:27.902879,0.005,0.995,1.0
2025-12-10T21:28:28.537276,0.005,0.995,1.0
2025-12-10T21:28:29.170660,0.005,0.995,1.0
2025-12-10T21:28:29.802373,0.005,0.995,1.0
2025-12-10T21:28:30.436138,0.005,0.995,1.0
2025-12-10T21:28:31.081030,0.005,0.995,1.0
2025-12-10T21:28:31.704236,0.005,0.995,1.0
2025-12-10T21:28:32.340401,0.005,0.995,1.0
2025-12-10T21:28:32.974119,0.005,0.995,1.0
2025-12-10T21:28:33.605168,0.005,0.995,1.0
2025-12-10T21:28:34.265223,0.005,0.995,1.0
2025-12-10T21:28:34.910567,0.005,0.995,1.0
2025-12-10T21:28:35.667020,0.005,0.995,1.0
2025-12-10T21:28:36.307581,0.005,0.995,1.0
2025-12-10T21:28:37.027212,0.005,0.995,1.0
2025-12-10T21:28:37.773547,0.005,0.995,1.0
2025-12-10T21:28:38.433224,0.005,0.995,1.0
2025-12-10T21:28:39.147189,0.005,0.995,1.0
2025-12-10T21:28:39.903088,0.005,0.995,1.0
2025-12-10T21:28:40.536201,0.005,0.995,1.0
2025-12-10T21:28:41.195715,0.005,0.995,1.0
2025-12-10T21:28:41.835109,0.005,0.995,1.0
2025-12-10T21:28:42.498518,0.005,0.995,1.0
2025-12-10T21:28:43.154412,0.005,0.995,1.0
2025-12-10T21:28:43.792221,0.005,0.995,1.0
2025-12-10T21:28:44.417343,0.005,0.995,1.0
2025-12-10T21:28:45.102634,0.005,0.995,1.0
2025-12-10T21:28:45.805628,0.005,0.995,1.0
2025-12-10T21:28:46.517634,0.005,0.995,1.0
2025-12-10T21:28:47.177705,0.005,0.995,1.0
2025-12-10T21:28:47.819452,0.005,0.995,1.0
2025-12-10T21:28:48.468017,0.005,0.995,1.0
2025-12-10T21:28:49.209929,0.005,0.995,1.0
2025-12-10T21:28:49.917284,0.005,0.995,1.0
2025-12-10T21:28:50.586386,0.005,0.995,1.0
2025-12-10T21:28:51.213076,0.005,0.995,1.0
2025-12-10T21:28:51.959597,0.005,0.995,1.0
2025-12-10T21:28:50.955345,0.005,0.995,1.0
2025-12-10T21:28:51.634637,0.005,0.995,1.0
2025-12-10T21:28:52.432106,0.005,0.995,1.0
2025-12-10T21:28:53.118746,0.005,0.995,1.0
2025-12-10T21:28:53.751099,0.005,0.995,1.0
2025-12-10T21:28:54.445171,0.005,0.995,1.0
2025-12-10T21:28:55.164736,0.005,0.995,1.0
2025-12-10T21:28:55.892769,0.005,0.995,1.0
2025-12-10T21:28:56.516730,0.005,0.995,1.0
2025-12-10T21:28:57.218483,0.005,0.995,1.0
2025-12-10T21:28:57.853746,0.005,0.995,1.0
2025-12-10T21:28:58.563893,0.005,0.995,1.0
2025-12-10T21:28:59.238133,0.005,0.995,1.0
2025-12-10T21:28:59.900904,0.005,0.995,1.0
2025-12-10T21:29:00.609776,0.005,0.995,1.0
2025-12-10T21:29:01.252631,0.005,0.995,1.0
2025-12-10T21:29:01.944268,0.005,0.995,1.0
2025-12-10T21:29:02.637241,0.005,0.995,1.0
2025-12-10T21:29:03.260224,0.005,0.995,1.0
2025-12-10T21:29:04.009507,0.005,0.995,1.0
2025-12-10T21:29:04.683287,0.005,0.995,1.0
2025-12-10T21:29:05.367911,0.005,0.995,1.0
2025-12-10T21:29:06.086976,0.005,0.995,1.0
2025-12-10T21:29:06.767498,0.005,0.995,1.0
2025-12-10T21:29:07.465396,0.005,0.995,1.0
2025-12-10T21:29:08.149317,0.005,0.995,1.0
2025-12-10T21:29:08.797933,0.005,0.995,1.0
2025-12-10T21:29:09.460227,0.005,0.995,1.0
2025-12-10T21:29:10.079295,0.005,0.995,1.0
2025-12-10T21:29:10.740933,0.005,0.995,1.0
2025-12-10T21:29:11.499177,0.005,0.995,1.0
2025-12-10T21:29:12.201157,0.005,0.995,1.0
2025-12-10T21:29:12.912764,0.005,0.995,1.0
2025-12-10T21:29:13.610742,0.005,0.995,1.0
2025-12-10T21:29:14.308677,0.005,0.995,1.0
2025-12-10T21:29:14.927409,0.005,0.995,1.0
2025-12-10T21:29:15.620170,0.005,0.995,1.0
2025-12-10T21:29:16.344317,0.005,0.995,1.0
2025-12-10T21:29:17.019818,0.005,0.995,1.0
2025-12-10T21:29:17.658460,0.005,0.995,1.0
2025-12-10T21:29:18.380311,0.005,0.995,1.0
2025-12-10T21:29:19.038440,0.005,0.995,1.0
2025-12-10T21:29:19.703448,0.005,0.995,1.0
2025-12-10T21:29:20.373665,0.005,0.995,1.0
2025-12-10T21:29:21.085190,0.005,0.995,1.0
2025-12-10T21:29:21.802894,0.005,0.995,1.0
2025-12-10T21:29:22.477847,0.005,0.995,1.0
2025-12-10T21:29:21.454448,0.005,0.995,1.0
2025-12-10T21:29:22.091464,0.005,0.995,1.0
2025-12-10T21:29:22.774654,0.005,0.995,1.0
2025-12-10T21:29:23.447061,0.005,0.995,1.0
2025-12-10T21:29:24.133876,0.005,0.995,1.0
2025-12-10T21:29:24.823308,0.005,0.995,1.0
2025-12-10T21:29:25.556909,0.005,0.995,1.0
2025-12-10T21:29:26.294785,0.005,0.995,1.0
2025-12-10T21:29:26.959597,0.005,0.995,1.0
2025-12-10T21:29:27.623333,0.005,0.995,1.0
2025-12-10T21:29:28.278204,0.005,0.995,1.0
2025-12-10T21:29:28.940500,0.005,0.995,1.0
2025-12-10T21:29:29.640492,0.005,0.995,1.0
2025-12-10T21:29:30.330469,0.005,0.995,1.0
2025-12-10T21:29:31.035714,0.005,0.995,1.0
2025-12-10T21:29:31.665610,0.005,0.995,1.0
2025-12-10T21:29:32.392660,0.005,0.995,1.0
2025-12-10T21:29:33.033898,0.005,0.995,1.0
2025-12-10T21:29:33.668931,0.005,0.995,1.0
2025-12-10T21:29:34.291126,0.005,0.995,1.0
2025-12-10T21:29:34.955744,0.005,0.995,1.0
2025-12-10T21:29:35.642894,0.005,0.995,1.0
2025-12-10T21:29:36.277051,0.005,0.995,1.0
2025-12-10T21:29:36.962381,0.005,0.995,1.0
2025-12-10T21:29:37.589021,0.005,0.995,1.0
2025-12-10T21:29:38.301416,0.005,0.995,1.0
2025-12-10T21:29:38.940409,0.005,0.995,1.0
2025-12-10T21:29:39.598518,0.005,0.995,1.0
2025-12-10T21:29:40.251040,0.005,0.995,1.0
2025-12-10T21:29:40.972159,0.005,0.995,1.0
2025-12-10T21:29:41.658909,0.005,0.995,1.0
2025-12-10T21:29:42.285047,0.005,0.995,1.0
2025-12-10T21:29:43.036621,0.005,0.995,1.0
2025-12-10T21:29:43.797072,0.005,0.995,1.0
2025-12-10T21:29:44.516002,0.005,0.995,1.0
2025-12-10T21:29:45.192290,0.005,0.995,1.0
2025-12-10T21:29:45.837309,0.005,0.995,1.0
2025-12-10T21:29:46.498388,0.005,0.995,1.0
2025-12-10T21:29:47.240048,0.005,0.995,1.0
2025-12-10T21:29:48.026671,0.005,0.995,1.0
2025-12-10T21:29:48.672623,0.005,0.995,1.0
2025-12-10T21:29:49.299163,0.005,0.995,1.0
2025-12-10T21:29:49.936207,0.005,0.995,1.0
2025-12-10T21:29:50.591678,0.005,0.995,1.0
2025-12-10T21:29:51.337297,0.005,0.995,1.0
2025-12-10T21:29:51.966367,0.005,0.995,1.0
2025-12-10T21:29:52.590449,0.005,0.995,1.0
2025-12-10T21:29:53.215931,0.005,0.995,1.0
2025-12-10T21:29:52.173377,0.005,0.995,1.0
2025-12-10T21:29:52.859331,0.005,0.995,1.0
2025-12-10T21:29:53.494643,0.005,0.995,1.0
2025-12-10T21:29:54.134169,0.005,0.995,1.0
2025-12-10T21:29:54.758633,0.005,0.995,1.0
2025-12-10T21:29:55.371663,0.005,0.995,1.0
2025-12-10T21:29:56.035503,0.005,0.995,1.0
2025-12-10T21:29:56.725854,0.005,0.995,1.0
2025-12-10T21:29:57.405174,0.005,0.995,1.0
2025-12-10T21:29:58.108579,0.005,0.995,1.0
2025-12-10T21:29:58.752627,0.005,0.995,1.0
2025-12-10T21:29:59.417227,0.005,0.995,1.0
2025-12-10T21:30:00.077928,0.005,0.995,1.0
2025-12-10T21:30:00.781549,0.005,0.995,1.0
2025-12-10T21:30:01.470652,0.005,0.995,1.0
2025-12-10T21:30:02.171700,0.005,0.995,1.0
2025-12-10T21:30:02.960073,0.005,0.995,1.0
2025-12-10T21:30:03.701878,0.005,0.995,1.0
2025-12-10T21:30:04.367417,0.005,0.995,1.0
2025-12-10T21:30:05.100127,0.005,0.995,1.0
2025-12-10T21:30:05.812523,0.005,0.995,1.0
2025-12-10T21:30:06.581990,0.005,0.995,1.0
2025-12-10T21:30:07.294987,0.005,0.995,1.0
2025-12-10T21:30:07.962994,0.005,0.995,1.0
2025-12-10T21:30:08.592423,0.005,0.995,1.0
2025-12-10T21:30:09.298121,0.005,0.995,1.0
2025-12-10T21:30:09.949449,0.005,0.995,1.0
2025-12-10T21:30:10.591373,0.005,0.995,1.0
2025-12-10T21:30:11.285638,0.005,0.995,1.0
2025-12-10T21:30:11.920400,0.005,0.995,1.0
2025-12-10T21:30:12.578334,0.005,0.995,1.0
2025-12-10T21:30:13.257170,0.005,0.995,1.0
2025-12-10T21:30:13.974625,0.005,0.995,1.0
2025-12-10T21:30:14.629976,0.005,0.995,1.0
2025-12-10T21:30:15.255442,0.005,0.995,1.0
2025-12-10T21:30:15.987473,0.005,0.995,1.0
2025-12-10T21:30:16.612487,0.005,0.995,1.0
2025-12-10T21:30:17.275888,0.005,0.995,1.0
2025-12-10T21:30:17.988056,0.005,0.995,1.0
2025-12-10T21:30:18.686648,0.005,0.995,1.0
2025-12-10T21:30:19.394092,0.005,0.995,1.0
2025-12-10T21:30:20.083190,0.005,0.995,1.0
2025-12-10T21:30:20.700004,0.005,0.995,1.0
2025-12-10T21:30:21.393244,0.005,0.995,1.0
2025-12-10T21:30:22.077420,0.005,0.995,1.0
2025-12-10T21:30:22.739248,0.005,0.995,1.0
2025-12-10T21:30:23.440016,0.005,0.995,1.0
2025-12-10T21:30:22.414900,0.005,0.995,1.0
2025-12-10T21:30:23.075764,0.005,0.995,1.0
2025-12-10T21:30:23.758286,0.005,0.995,1.0
2025-12-10T21:30:24.467465,0.005,0.995,1.0
2025-12-10T21:30:25.162720,0.005,0.995,1.0
2025-12-10T21:30:25.886522,0.005,0.995,1.0
2025-12-10T21:30:26.663918,0.005,0.995,1.0
2025-12-10T21:30:27.343317,0.005,0.995,1.0
2025-12-10T21:30:27.979876,0.005,0.995,1.0
2025-12-10T21:30:28.635419,0.005,0.995,1.0
2025-12-10T21:30:29.306871,0.005,0.995,1.0
2025-12-10T21:30:29.981149,0.005,0.995,1.0
2025-12-10T21:30:30.713989,0.005,0.995,1.0
2025-12-10T21:30:31.375251,0.005,0.995,1.0
2025-12-10T21:30:32.057122,0.005,0.995,1.0
2025-12-10T21:30:32.795252,0.005,0.995,1.0
2025-12-10T21:30:33.475933,0.005,0.995,1.0
2025-12-10T21:30:34.147454,0.005,0.995,1.0
2025-12-10T21:30:34.900052,0.005,0.995,1.0
2025-12-10T21:30:35.551244,0.005,0.995,1.0
2025-12-10T21:30:36.267984,0.005,0.995,1.0
2025-12-10T21:30:37.008065,0.005,0.995,1.0
2025-12-10T21:30:37.784605,0.005,0.995,1.0
2025-12-10T21:30:38.459399,0.005,0.995,1.0
2025-12-10T21:30:39.131658,0.005,0.995,1.0
2025-12-10T21:30:39.803687,0.005,0.995,1.0
2025-12-10T21:30:40.449717,0.005,0.995,1.0
2025-12-10T21:30:41.184329,0.005,0.995,1.0
2025-12-10T21:30:41.873720,0.005,0.995,1.0
2025-12-10T21:30:42.605936,0.005,0.995,1.0
2025-12-10T21:30:43.445022,0.005,0.995,1.0
2025-12-10T21:30:44.162495,0.005,0.995,1.0
2025-12-10T21:30:44.874222,0.005,0.995,1.0
2025-12-10T21:30:45.542382,0.005,0.995,1.0
2025-12-10T21:30:46.219091,0.005,0.995,1.0
2025-12-10T21:30:46.959394,0.005,0.995,1.0
2025-12-10T21:30:47.599895,0.005,0.995,1.0
2025-12-10T21:30:48.315263,0.005,0.995,1.0
2025-12-10T21:30:48.992233,0.005,0.995,1.0
2025-12-10T21:30:49.669094,0.005,0.995,1.0
2025-12-10T21:30:50.295780,0.005,0.995,1.0
2025-12-10T21:30:50.906342,0.005,0.995,1.0
2025-12-10T21:30:51.571010,0.005,0.995,1.0
2025-12-10T21:30:52.247055,0.005,0.995,1.0
2025-12-10T21:30:52.892485,0.005,0.995,1.0
2025-12-10T21:30:53.580694,0.005,0.995,1.0
2025-12-10T21:30:54.280553,0.005,0.995,1.0
2025-12-10T21:30:53.269105,0.005,0.995,1.0
2025-12-10T21:30:53.971836,0.005,0.995,1.0
2025-12-10T21:30:54.650031,0.005,0.995,1.0
2025-12-10T21:30:55.325135,0.005,0.995,1.0
2025-12-10T21:30:55.949318,0.005,0.995,1.0
2025-12-10T21:30:56.673702,0.005,0.995,1.0
2025-12-10T21:30:57.346783,0.005,0.995,1.0
2025-12-10T21:30:58.015622,0.005,0.995,1.0
2025-12-10T21:30:58.681216,0.005,0.995,1.0
