timestamp,price_yes,price_no,sum_prices
2025-12-10T23:16:00.465164,0.54,0.455,0.9950000000000001
2025-12-10T23:16:01.088966,0.545,0.455,1.0
2025-12-10T23:16:01.704583,0.545,0.455,1.0
2025-12-10T23:16:02.328419,0.535,0.465,1.0
2025-12-10T23:16:02.952522,0.54,0.455,0.9950000000000001
2025-12-10T23:16:03.599855,0.545,0.455,1.0
2025-12-10T23:16:04.214387,0.525,0.475,1.0
2025-12-10T23:16:04.843773,0.525,0.475,1.0
2025-12-10T23:16:05.459702,0.535,0.46,0.9950000000000001
2025-12-10T23:16:06.099953,0.545,0.455,1.0
2025-12-10T23:16:06.738101,0.575,0.425,1.0
2025-12-10T23:16:07.367111,0.595,0.405,1.0
2025-12-10T23:16:08.016453,0.595,0.405,1.0
2025-12-10T23:16:08.640166,0.605,0.395,1.0
2025-12-10T23:16:09.257641,0.605,0.395,1.0
2025-12-10T23:16:09.870068,0.6,0.4,1.0
2025-12-10T23:16:10.495980,0.595,0.405,1.0
2025-12-10T23:16:11.135567,0.595,0.405,1.0
2025-12-10T23:16:11.737331,0.595,0.405,1.0
2025-12-10T23:16:12.357220,0.595,0.405,1.0
2025-12-10T23:16:12.980351,0.595,0.405,1.0
2025-12-10T23:16:13.608134,0.6,0.4,1.0
2025-12-10T23:16:14.245400,0.6,0.405,1.005
2025-12-10T23:16:14.861406,0.595,0.405,1.0
2025-12-10T23:16:15.483469,0.595,0.405,1.0
2025-12-10T23:16:16.106728,0.595,0.405,1.0
2025-12-10T23:16:16.726613,0.595,0.405,1.0
2025-12-10T23:16:17.350594,0.595,0.405,1.0
2025-12-10T23:16:17.985627,0.595,0.405,1.0
2025-12-10T23:16:18.611686,0.595,0.405,1.0
2025-12-10T23:16:19.232163,0.595,0.405,1.0
2025-12-10T23:16:19.855267,0.595,0.405,1.0
2025-12-10T23:16:20.485827,0.595,0.405,1.0
2025-12-10T23:16:21.127285,0.595,0.405,1.0
2025-12-10T23:16:21.783430,0.595,0.405,1.0
2025-12-10T23:16:22.421623,0.595,0.405,1.0
2025-12-10T23:16:23.041613,0.595,0.405,1.0
2025-12-10T23:16:23.681918,0.615,0.385,1.0
2025-12-10T23:16:22.676080,0.625,0.375,1.0
2025-12-10T23:16:23.311431,0.625,0.375,1.0
2025-12-10T23:16:23.921315,0.63,0.365,0.995
2025-12-10T23:16:24.571571,0.635,0.365,1.0
2025-12-10T23:16:25.200616,0.635,0.365,1.0
2025-12-10T23:16:25.820202,0.625,0.385,1.01
2025-12-10T23:16:26.451658,0.615,0.385,1.0
2025-12-10T23:16:27.067093,0.61,0.39,1.0
2025-12-10T23:16:27.692186,0.61,0.385,0.995
2025-12-10T23:16:28.321662,0.615,0.385,1.0
2025-12-10T23:16:28.957847,0.615,0.385,1.0
2025-12-10T23:16:29.570935,0.615,0.385,1.0
2025-12-10T23:16:30.183322,0.615,0.385,1.0
2025-12-10T23:16:30.813618,0.615,0.385,1.0
2025-12-10T23:16:31.429056,0.615,0.385,1.0
2025-12-10T23:16:32.101568,0.615,0.385,1.0
2025-12-10T23:16:32.723244,0.63,0.365,0.995
2025-12-10T23:16:33.434328,0.635,0.36,0.995
2025-12-10T23:16:34.054062,0.645,0.355,1.0
2025-12-10T23:16:34.658891,0.62,0.38,1.0
2025-12-10T23:16:35.293865,0.62,0.38,1.0
2025-12-10T23:16:35.914279,0.62,0.38,1.0
2025-12-10T23:16:36.544544,0.62,0.38,1.0
2025-12-10T23:16:37.157839,0.625,0.375,1.0
2025-12-10T23:16:37.772623,0.635,0.365,1.0
2025-12-10T23:16:38.393621,0.635,0.365,1.0
2025-12-10T23:16:39.014855,0.635,0.365,1.0
2025-12-10T23:16:39.673796,0.645,0.355,1.0
2025-12-10T23:16:40.316737,0.645,0.355,1.0
2025-12-10T23:16:40.931101,0.64,0.36,1.0
2025-12-10T23:16:41.554799,0.645,0.355,1.0
2025-12-10T23:16:42.186775,0.655,0.345,1.0
2025-12-10T23:16:42.824558,0.645,0.355,1.0
2025-12-10T23:16:43.436601,0.635,0.365,1.0
2025-12-10T23:16:44.066178,0.635,0.365,1.0
2025-12-10T23:16:44.682445,0.635,0.365,1.0
2025-12-10T23:16:45.304480,0.635,0.365,1.0
2025-12-10T23:16:45.913648,0.635,0.365,1.0
2025-12-10T23:16:46.525591,0.635,0.355,0.99
2025-12-10T23:16:47.157173,0.645,0.355,1.0
2025-12-10T23:16:47.769957,0.65,0.35,1.0
2025-12-10T23:16:48.392029,0.655,0.345,1.0
2025-12-10T23:16:49.029494,0.655,0.345,1.0
2025-12-10T23:16:49.666294,0.665,0.335,1.0
2025-12-10T23:16:50.276269,0.655,0.345,1.0
2025-12-10T23:16:50.891149,0.65,0.35,1.0
2025-12-10T23:16:51.509179,0.655,0.35,1.005
2025-12-10T23:16:52.130794,0.65,0.35,1.0
2025-12-10T23:16:52.743343,0.635,0.365,1.0
2025-12-10T23:16:53.366392,0.64,0.36,1.0
2025-12-10T23:16:53.995827,0.64,0.36,1.0
2025-12-10T23:16:52.994440,0.645,0.355,1.0
2025-12-10T23:16:53.614303,0.64,0.36,1.0
2025-12-10T23:16:54.244913,0.635,0.365,1.0
2025-12-10T23:16:54.875321,0.635,0.365,1.0
2025-12-10T23:16:55.508813,0.635,0.365,1.0
2025-12-10T23:16:56.124802,0.635,0.365,1.0
2025-12-10T23:16:56.754281,0.635,0.365,1.0
2025-12-10T23:16:57.364132,0.625,0.375,1.0
2025-12-10T23:16:57.975670,0.62,0.375,0.995
2025-12-10T23:16:58.629968,0.625,0.375,1.0
2025-12-10T23:16:59.261362,0.625,0.375,1.0
2025-12-10T23:16:59.902156,0.625,0.375,1.0
2025-12-10T23:17:00.525613,0.62,0.38,1.0
2025-12-10T23:17:01.136609,0.625,0.375,1.0
2025-12-10T23:17:01.783061,0.615,0.385,1.0
2025-12-10T23:17:02.429570,0.605,0.395,1.0
2025-12-10T23:17:03.041210,0.595,0.405,1.0
2025-12-10T23:17:03.643820,0.59,0.415,1.005
2025-12-10T23:17:04.263371,0.595,0.405,1.0
2025-12-10T23:17:04.901582,0.595,0.405,1.0
2025-12-10T23:17:05.552101,0.595,0.405,1.0
2025-12-10T23:17:06.180390,0.595,0.41,1.005
2025-12-10T23:17:06.793954,0.605,0.395,1.0
2025-12-10T23:17:07.423352,0.585,0.415,1.0
2025-12-10T23:17:08.070152,0.585,0.415,1.0
2025-12-10T23:17:08.696170,0.59,0.41,1.0
2025-12-10T23:17:09.313889,0.585,0.415,1.0
2025-12-10T23:17:09.944844,0.58,0.42,1.0
2025-12-10T23:17:10.562348,0.58,0.42,1.0
2025-12-10T23:17:11.170297,0.58,0.42,1.0
2025-12-10T23:17:11.842662,0.575,0.425,1.0
2025-12-10T23:17:12.466245,0.565,0.435,1.0
2025-12-10T23:17:13.081965,0.555,0.445,1.0
2025-12-10T23:17:13.692225,0.555,0.445,1.0
2025-12-10T23:17:14.321866,0.56,0.44,1.0
2025-12-10T23:17:14.929615,0.565,0.435,1.0
2025-12-10T23:17:15.537870,0.565,0.435,1.0
2025-12-10T23:17:16.157194,0.565,0.435,1.0
2025-12-10T23:17:16.774705,0.565,0.435,1.0
2025-12-10T23:17:17.383471,0.565,0.435,1.0
2025-12-10T23:17:18.012761,0.565,0.44,1.005
2025-12-10T23:17:18.651939,0.565,0.435,1.0
2025-12-10T23:17:19.258863,0.56,0.44,1.0
2025-12-10T23:17:19.891149,0.56,0.44,1.0
2025-12-10T23:17:20.513822,0.56,0.44,1.0
2025-12-10T23:17:21.134417,0.565,0.435,1.0
2025-12-10T23:17:21.754273,0.565,0.435,1.0
2025-12-10T23:17:22.415408,0.56,0.44,1.0
2025-12-10T23:17:23.030148,0.565,0.435,1.0
2025-12-10T23:17:23.648403,0.555,0.445,1.0
2025-12-10T23:17:24.264583,0.545,0.455,1.0
2025-12-10T23:17:24.925519,0.545,0.45,0.9950000000000001
2025-12-10T23:17:23.885318,0.555,0.445,1.0
2025-12-10T23:17:24.515894,0.545,0.455,1.0
2025-12-10T23:17:25.127535,0.545,0.455,1.0
2025-12-10T23:17:25.776157,0.545,0.455,1.0
2025-12-10T23:17:26.393347,0.545,0.455,1.0
2025-12-10T23:17:27.016399,0.56,0.435,0.9950000000000001
2025-12-10T23:17:27.647979,0.575,0.425,1.0
2025-12-10T23:17:28.261900,0.565,0.425,0.99
2025-12-10T23:17:28.869045,0.575,0.425,1.0
2025-12-10T23:17:29.497886,0.555,0.44,0.9950000000000001
2025-12-10T23:17:30.129597,0.555,0.45,1.0050000000000001
2025-12-10T23:17:30.752039,0.545,0.455,1.0
2025-12-10T23:17:31.369344,0.545,0.455,1.0
2025-12-10T23:17:32.032140,0.535,0.465,1.0
2025-12-10T23:17:32.639774,0.535,0.465,1.0
2025-12-10T23:17:33.242270,0.535,0.465,1.0
2025-12-10T23:17:33.866527,0.535,0.465,1.0
2025-12-10T23:17:34.475503,0.54,0.46,1.0
2025-12-10T23:17:35.088162,0.54,0.46,1.0
2025-12-10T23:17:35.700985,0.54,0.46,1.0
2025-12-10T23:17:36.325348,0.54,0.46,1.0
2025-12-10T23:17:36.938165,0.54,0.46,1.0
2025-12-10T23:17:37.566868,0.54,0.46,1.0
2025-12-10T23:17:38.183143,0.54,0.46,1.0
2025-12-10T23:17:38.812045,0.535,0.47,1.005
2025-12-10T23:17:39.446182,0.53,0.47,1.0
2025-12-10T23:17:40.081562,0.53,0.47,1.0
2025-12-10T23:17:40.703242,0.53,0.47,1.0
2025-12-10T23:17:41.328871,0.525,0.475,1.0
2025-12-10T23:17:41.954324,0.515,0.485,1.0
2025-12-10T23:17:42.571890,0.495,0.505,1.0
2025-12-10T23:17:43.206397,0.505,0.495,1.0
2025-12-10T23:17:43.834711,0.505,0.495,1.0
2025-12-10T23:17:44.452508,0.495,0.505,1.0
2025-12-10T23:17:45.074084,0.495,0.505,1.0
2025-12-10T23:17:45.729354,0.495,0.505,1.0
2025-12-10T23:17:46.365764,0.495,0.505,1.0
2025-12-10T23:17:47.009372,0.495,0.5,0.995
2025-12-10T23:17:47.695454,0.495,0.505,1.0
2025-12-10T23:17:48.305674,0.495,0.505,1.0
2025-12-10T23:17:48.952890,0.485,0.515,1.0
2025-12-10T23:17:49.587453,0.485,0.515,1.0
2025-12-10T23:17:50.253327,0.495,0.505,1.0
2025-12-10T23:17:50.868565,0.495,0.505,1.0
2025-12-10T23:17:51.484236,0.495,0.505,1.0
2025-12-10T23:17:52.142677,0.495,0.505,1.0
2025-12-10T23:17:52.757637,0.49,0.51,1.0
2025-12-10T23:17:53.375640,0.49,0.51,1.0
2025-12-10T23:17:53.986584,0.49,0.51,1.0
2025-12-10T23:17:54.606877,0.495,0.505,1.0
2025-12-10T23:17:55.231623,0.495,0.505,1.0
2025-12-10T23:17:54.192716,0.495,0.505,1.0
2025-12-10T23:17:54.893800,0.485,0.515,1.0
2025-12-10T23:17:55.495388,0.475,0.535,1.01
2025-12-10T23:17:56.124669,0.465,0.535,1.0
2025-12-10T23:17:56.775762,0.465,0.535,1.0
2025-12-10T23:17:57.404706,0.455,0.545,1.0
2025-12-10T23:17:58.014371,0.455,0.545,1.0
2025-12-10T23:17:58.644600,0.455,0.545,1.0
2025-12-10T23:17:59.269396,0.445,0.555,1.0
2025-12-10T23:17:59.892728,0.435,0.565,1.0
2025-12-10T23:18:00.568531,0.435,0.565,1.0
2025-12-10T23:18:01.180937,0.425,0.575,1.0
2025-12-10T23:18:01.789455,0.445,0.555,1.0
2025-12-10T23:18:02.407331,0.445,0.55,0.9950000000000001
2025-12-10T23:18:03.051520,0.455,0.545,1.0
2025-12-10T23:18:03.685699,0.455,0.545,1.0
2025-12-10T23:18:04.340294,0.455,0.545,1.0
2025-12-10T23:18:04.980597,0.455,0.545,1.0
2025-12-10T23:18:05.642805,0.465,0.535,1.0
2025-12-10T23:18:06.257361,0.475,0.52,0.995
2025-12-10T23:18:06.888337,0.475,0.525,1.0
2025-12-10T23:18:07.519433,0.48,0.52,1.0
2025-12-10T23:18:08.153790,0.48,0.52,1.0
2025-12-10T23:18:08.777197,0.485,0.515,1.0
2025-12-10T23:18:09.413834,0.495,0.51,1.005
2025-12-10T23:18:10.010589,0.49,0.51,1.0
2025-12-10T23:18:10.630119,0.485,0.515,1.0
2025-12-10T23:18:11.255621,0.485,0.515,1.0
2025-12-10T23:18:11.882371,0.49,0.51,1.0
2025-12-10T23:18:12.512614,0.475,0.525,1.0
2025-12-10T23:18:13.145641,0.48,0.52,1.0
2025-12-10T23:18:13.783481,0.475,0.525,1.0
2025-12-10T23:18:14.397859,0.455,0.545,1.0
2025-12-10T23:18:15.059234,0.425,0.575,1.0
2025-12-10T23:18:15.702814,0.425,0.575,1.0
2025-12-10T23:18:16.320712,0.425,0.575,1.0
2025-12-10T23:18:16.943496,0.425,0.575,1.0
2025-12-10T23:18:17.597553,0.415,0.595,1.01
2025-12-10T23:18:18.236441,0.405,0.595,1.0
2025-12-10T23:18:18.883914,0.395,0.61,1.005
2025-12-10T23:18:19.520725,0.385,0.615,1.0
2025-12-10T23:18:20.158352,0.375,0.625,1.0
2025-12-10T23:18:20.791684,0.375,0.625,1.0
2025-12-10T23:18:21.417998,0.375,0.625,1.0
2025-12-10T23:18:22.044039,0.365,0.635,1.0
2025-12-10T23:18:22.661275,0.355,0.645,1.0
2025-12-10T23:18:23.284810,0.355,0.645,1.0
2025-12-10T23:18:23.946859,0.335,0.665,1.0
2025-12-10T23:18:24.578280,0.345,0.65,0.995
2025-12-10T23:18:25.244601,0.37,0.625,0.995
2025-12-10T23:18:25.869492,0.385,0.615,1.0
2025-12-10T23:18:24.853089,0.395,0.605,1.0
2025-12-10T23:18:25.477033,0.385,0.615,1.0
2025-12-10T23:18:26.099000,0.365,0.635,1.0
2025-12-10T23:18:26.730256,0.355,0.64,0.995
2025-12-10T23:18:27.387418,0.365,0.635,1.0
2025-12-10T23:18:28.017051,0.355,0.645,1.0
2025-12-10T23:18:28.655128,0.355,0.645,1.0
2025-12-10T23:18:29.287948,0.345,0.655,1.0
2025-12-10T23:18:29.917082,0.345,0.655,1.0
2025-12-10T23:18:30.569385,0.36,0.64,1.0
2025-12-10T23:18:31.197206,0.355,0.645,1.0
2025-12-10T23:18:31.861026,0.345,0.655,1.0
2025-12-10T23:18:32.481408,0.37,0.625,0.995
2025-12-10T23:18:33.099245,0.395,0.605,1.0
2025-12-10T23:18:33.730477,0.395,0.605,1.0
2025-12-10T23:18:34.356253,0.395,0.605,1.0
2025-12-10T23:18:34.983236,0.395,0.605,1.0
2025-12-10T23:18:35.612601,0.385,0.615,1.0
2025-12-10T23:18:36.240347,0.375,0.625,1.0
2025-12-10T23:18:36.872345,0.345,0.66,1.005
2025-12-10T23:18:37.511822,0.335,0.665,1.0
2025-12-10T23:18:38.125774,0.335,0.665,1.0
2025-12-10T23:18:38.755256,0.325,0.675,1.0
2025-12-10T23:18:39.365767,0.32,0.68,1.0
2025-12-10T23:18:39.972652,0.315,0.685,1.0
2025-12-10T23:18:40.586644,0.315,0.685,1.0
2025-12-10T23:18:41.206442,0.275,0.725,1.0
2025-12-10T23:18:41.832109,0.26,0.74,1.0
2025-12-10T23:18:42.454451,0.255,0.745,1.0
2025-12-10T23:18:43.063936,0.245,0.755,1.0
2025-12-10T23:18:43.691956,0.245,0.755,1.0
2025-12-10T23:18:44.308051,0.225,0.775,1.0
2025-12-10T23:18:44.912689,0.215,0.785,1.0
2025-12-10T23:18:45.545586,0.215,0.785,1.0
2025-12-10T23:18:46.169518,0.225,0.775,1.0
2025-12-10T23:18:46.784878,0.215,0.785,1.0
2025-12-10T23:18:47.407391,0.205,0.795,1.0
2025-12-10T23:18:48.018264,0.205,0.795,1.0
2025-12-10T23:18:48.639167,0.195,0.805,1.0
2025-12-10T23:18:49.259465,0.225,0.775,1.0
2025-12-10T23:18:49.905468,0.23,0.77,1.0
2025-12-10T23:18:50.529272,0.245,0.755,1.0
2025-12-10T23:18:51.183225,0.245,0.755,1.0
2025-12-10T23:18:51.794916,0.245,0.755,1.0
2025-12-10T23:18:52.404604,0.245,0.76,1.005
2025-12-10T23:18:53.023364,0.235,0.765,1.0
2025-12-10T23:18:53.748626,0.245,0.76,1.005
2025-12-10T23:18:54.395771,0.235,0.765,1.0
2025-12-10T23:18:55.031987,0.245,0.755,1.0
2025-12-10T23:18:55.660042,0.245,0.755,1.0
2025-12-10T23:18:56.284109,0.245,0.755,1.0
2025-12-10T23:18:55.213669,0.245,0.755,1.0
2025-12-10T23:18:55.852797,0.245,0.76,1.005
2025-12-10T23:18:56.490472,0.24,0.76,1.0
2025-12-10T23:18:57.107156,0.24,0.76,1.0
2025-12-10T23:18:57.723991,0.235,0.765,1.0
2025-12-10T23:18:58.327211,0.245,0.755,1.0
2025-12-10T23:18:58.941707,0.245,0.755,1.0
2025-12-10T23:18:59.559174,0.24,0.76,1.0
2025-12-10T23:19:00.187096,0.255,0.745,1.0
2025-12-10T23:19:00.813192,0.26,0.735,0.995
2025-12-10T23:19:01.429326,0.255,0.745,1.0
2025-12-10T23:19:02.068361,0.26,0.735,0.995
2025-12-10T23:19:02.695677,0.265,0.735,1.0
2025-12-10T23:19:03.306812,0.285,0.715,1.0
2025-12-10T23:19:03.927163,0.295,0.705,1.0
2025-12-10T23:19:04.551801,0.295,0.705,1.0
2025-12-10T23:19:05.198740,0.285,0.715,1.0
2025-12-10T23:19:05.854875,0.295,0.71,1.005
2025-12-10T23:19:06.516198,0.305,0.695,1.0
2025-12-10T23:19:07.150257,0.315,0.685,1.0
2025-12-10T23:19:07.786340,0.335,0.665,1.0
2025-12-10T23:19:08.402192,0.335,0.665,1.0
2025-12-10T23:19:09.010730,0.335,0.665,1.0
2025-12-10T23:19:09.641517,0.3,0.705,1.005
2025-12-10T23:19:10.250622,0.275,0.725,1.0
2025-12-10T23:19:10.870559,0.265,0.735,1.0
2025-12-10T23:19:11.498083,0.26,0.745,1.005
2025-12-10T23:19:12.117404,0.27,0.73,1.0
2025-12-10T23:19:12.767008,0.27,0.73,1.0
2025-12-10T23:19:13.388312,0.27,0.73,1.0
2025-12-10T23:19:14.008458,0.275,0.725,1.0
2025-12-10T23:19:14.624602,0.265,0.735,1.0
2025-12-10T23:19:15.243661,0.275,0.725,1.0
2025-12-10T23:19:15.878388,0.275,0.73,1.005
2025-12-10T23:19:16.506763,0.275,0.725,1.0
2025-12-10T23:19:17.124309,0.28,0.72,1.0
2025-12-10T23:19:17.756382,0.28,0.72,1.0
2025-12-10T23:19:18.381436,0.27,0.73,1.0
2025-12-10T23:19:19.013574,0.265,0.735,1.0
2025-12-10T23:19:19.635521,0.27,0.725,0.995
2025-12-10T23:19:20.247221,0.275,0.725,1.0
2025-12-10T23:19:20.873492,0.275,0.72,0.995
2025-12-10T23:19:21.499431,0.285,0.715,1.0
2025-12-10T23:19:22.118252,0.28,0.72,1.0
2025-12-10T23:19:22.745416,0.275,0.725,1.0
2025-12-10T23:19:23.366535,0.275,0.725,1.0
2025-12-10T23:19:23.972084,0.28,0.72,1.0
2025-12-10T23:19:24.604300,0.28,0.72,1.0
2025-12-10T23:19:25.228381,0.275,0.725,1.0
2025-12-10T23:19:25.860202,0.27,0.73,1.0
2025-12-10T23:19:26.517861,0.265,0.735,1.0
2025-12-10T23:19:27.130607,0.275,0.725,1.0
2025-12-10T23:19:26.099258,0.28,0.72,1.0
2025-12-10T23:19:26.719143,0.285,0.72,1.005
2025-12-10T23:19:27.343787,0.28,0.72,1.0
2025-12-10T23:19:27.961426,0.275,0.725,1.0
2025-12-10T23:19:28.584563,0.275,0.72,0.995
2025-12-10T23:19:29.203679,0.285,0.715,1.0
2025-12-10T23:19:29.829924,0.29,0.71,1.0
2025-12-10T23:19:30.468481,0.285,0.715,1.0
2025-12-10T23:19:31.109972,0.285,0.715,1.0
2025-12-10T23:19:31.729124,0.285,0.715,1.0
2025-12-10T23:19:32.350006,0.285,0.715,1.0
2025-12-10T23:19:32.966722,0.28,0.72,1.0
2025-12-10T23:19:33.594875,0.265,0.735,1.0
2025-12-10T23:19:34.237698,0.265,0.735,1.0
2025-12-10T23:19:34.873919,0.255,0.745,1.0
2025-12-10T23:19:35.546689,0.245,0.755,1.0
2025-12-10T23:19:36.151083,0.245,0.755,1.0
2025-12-10T23:19:36.772343,0.255,0.745,1.0
2025-12-10T23:19:37.388789,0.255,0.745,1.0
2025-12-10T23:19:38.021721,0.255,0.745,1.0
2025-12-10T23:19:38.655488,0.255,0.745,1.0
2025-12-10T23:19:39.287053,0.255,0.745,1.0
2025-12-10T23:19:39.911018,0.255,0.745,1.0
2025-12-10T23:19:40.522365,0.275,0.725,1.0
2025-12-10T23:19:41.130520,0.275,0.725,1.0
2025-12-10T23:19:41.746906,0.275,0.725,1.0
2025-12-10T23:19:42.398072,0.26,0.74,1.0
2025-12-10T23:19:43.016031,0.27,0.73,1.0
2025-12-10T23:19:43.626376,0.265,0.735,1.0
2025-12-10T23:19:44.242933,0.275,0.725,1.0
2025-12-10T23:19:44.854619,0.265,0.735,1.0
2025-12-10T23:19:45.496411,0.265,0.735,1.0
2025-12-10T23:19:46.107572,0.265,0.73,0.995
2025-12-10T23:19:46.734528,0.27,0.73,1.0
2025-12-10T23:19:47.369061,0.275,0.725,1.0
2025-12-10T23:19:47.997327,0.275,0.725,1.0
2025-12-10T23:19:48.641969,0.275,0.725,1.0
2025-12-10T23:19:49.262491,0.265,0.735,1.0
2025-12-10T23:19:49.875520,0.265,0.735,1.0
2025-12-10T23:19:50.493816,0.265,0.735,1.0
2025-12-10T23:19:51.133508,0.265,0.735,1.0
2025-12-10T23:19:51.763778,0.265,0.735,1.0
2025-12-10T23:19:52.398505,0.275,0.725,1.0
2025-12-10T23:19:53.010839,0.275,0.715,0.99
2025-12-10T23:19:53.628618,0.285,0.715,1.0
2025-12-10T23:19:54.254725,0.285,0.715,1.0
2025-12-10T23:19:54.880880,0.285,0.715,1.0
2025-12-10T23:19:55.487750,0.285,0.715,1.0
2025-12-10T23:19:56.107683,0.285,0.715,1.0
2025-12-10T23:19:56.741867,0.295,0.705,1.0
2025-12-10T23:19:57.369780,0.295,0.705,1.0
2025-12-10T23:19:57.989640,0.315,0.685,1.0
2025-12-10T23:19:57.061247,0.31,0.69,1.0
2025-12-10T23:19:57.704871,0.305,0.695,1.0
2025-12-10T23:19:58.314633,0.305,0.695,1.0
2025-12-10T23:19:58.954974,0.305,0.695,1.0
2025-12-10T23:19:59.596882,0.315,0.685,1.0
2025-12-10T23:20:00.212940,0.305,0.7,1.005
2025-12-10T23:20:00.842333,0.285,0.715,1.0
2025-12-10T23:20:01.453285,0.285,0.715,1.0
2025-12-10T23:20:02.124456,0.305,0.695,1.0
2025-12-10T23:20:02.757366,0.345,0.655,1.0
2025-12-10T23:20:03.370941,0.36,0.64,1.0
2025-12-10T23:20:03.994788,0.36,0.64,1.0
2025-12-10T23:20:04.612105,0.355,0.645,1.0
2025-12-10T23:20:05.295396,0.355,0.645,1.0
2025-12-10T23:20:05.924572,0.355,0.645,1.0
2025-12-10T23:20:06.543827,0.36,0.64,1.0
2025-12-10T23:20:07.190054,0.36,0.64,1.0
2025-12-10T23:20:07.839798,0.35,0.65,1.0
2025-12-10T23:20:08.541491,0.355,0.645,1.0
2025-12-10T23:20:09.174785,0.345,0.65,0.995
2025-12-10T23:20:09.828048,0.35,0.65,1.0
2025-12-10T23:20:10.435491,0.355,0.645,1.0
2025-12-10T23:20:11.069129,0.365,0.635,1.0
2025-12-10T23:20:11.704036,0.365,0.62,0.985
2025-12-10T23:20:12.326536,0.385,0.615,1.0
2025-12-10T23:20:12.959054,0.38,0.62,1.0
2025-12-10T23:20:13.583364,0.38,0.62,1.0
2025-12-10T23:20:14.204268,0.38,0.62,1.0
2025-12-10T23:20:14.830639,0.39,0.61,1.0
2025-12-10T23:20:15.460432,0.395,0.605,1.0
2025-12-10T23:20:16.080360,0.395,0.605,1.0
2025-12-10T23:20:16.685073,0.395,0.605,1.0
2025-12-10T23:20:17.316834,0.415,0.585,1.0
2025-12-10T23:20:17.939131,0.41,0.59,1.0
2025-12-10T23:20:18.579865,0.42,0.58,1.0
2025-12-10T23:20:19.220417,0.425,0.575,1.0
2025-12-10T23:20:19.839713,0.43,0.565,0.9949999999999999
2025-12-10T23:20:20.460573,0.435,0.565,1.0
2025-12-10T23:20:21.112557,0.435,0.565,1.0
2025-12-10T23:20:21.743178,0.445,0.555,1.0
2025-12-10T23:20:22.364319,0.445,0.555,1.0
2025-12-10T23:20:22.995395,0.425,0.575,1.0
2025-12-10T23:20:23.627850,0.425,0.575,1.0
2025-12-10T23:20:24.285816,0.425,0.575,1.0
2025-12-10T23:20:24.919882,0.425,0.575,1.0
2025-12-10T23:20:25.554326,0.425,0.575,1.0
2025-12-10T23:20:26.174348,0.425,0.575,1.0
2025-12-10T23:20:26.792154,0.43,0.57,1.0
2025-12-10T23:20:27.415063,0.435,0.565,1.0
2025-12-10T23:20:28.030089,0.435,0.565,1.0
2025-12-10T23:20:28.648938,0.435,0.57,1.005
2025-12-10T23:20:27.628298,0.425,0.575,1.0
2025-12-10T23:20:28.297515,0.445,0.545,0.99
2025-12-10T23:20:28.948869,0.46,0.54,1.0
2025-12-10T23:20:29.568567,0.465,0.535,1.0
2025-12-10T23:20:30.198782,0.46,0.54,1.0
2025-12-10T23:20:30.824502,0.465,0.53,0.9950000000000001
2025-12-10T23:20:31.471627,0.465,0.535,1.0
2025-12-10T23:20:32.101249,0.465,0.535,1.0
2025-12-10T23:20:32.745247,0.465,0.535,1.0
2025-12-10T23:20:33.398093,0.47,0.53,1.0
2025-12-10T23:20:34.028753,0.47,0.535,1.005
2025-12-10T23:20:34.662122,0.465,0.535,1.0
2025-12-10T23:20:35.310339,0.465,0.535,1.0
2025-12-10T23:20:35.954103,0.455,0.545,1.0
2025-12-10T23:20:36.634078,0.455,0.545,1.0
2025-12-10T23:20:37.255756,0.455,0.545,1.0
2025-12-10T23:20:37.873255,0.455,0.545,1.0
2025-12-10T23:20:38.477474,0.455,0.545,1.0
2025-12-10T23:20:39.119008,0.445,0.555,1.0
2025-12-10T23:20:39.743183,0.445,0.55,0.9950000000000001
2025-12-10T23:20:40.380767,0.465,0.54,1.0050000000000001
2025-12-10T23:20:41.005371,0.46,0.54,1.0
2025-12-10T23:20:41.670672,0.455,0.545,1.0
2025-12-10T23:20:42.305930,0.44,0.56,1.0
2025-12-10T23:20:42.939327,0.44,0.56,1.0
2025-12-10T23:20:43.561449,0.44,0.56,1.0
2025-12-10T23:20:44.204510,0.44,0.56,1.0
2025-12-10T23:20:44.877377,0.44,0.56,1.0
2025-12-10T23:20:45.499585,0.415,0.585,1.0
2025-12-10T23:20:46.117587,0.415,0.585,1.0
2025-12-10T23:20:46.740905,0.415,0.585,1.0
2025-12-10T23:20:47.375302,0.415,0.585,1.0
2025-12-10T23:20:47.987597,0.415,0.585,1.0
2025-12-10T23:20:48.627771,0.415,0.585,1.0
2025-12-10T23:20:49.254685,0.405,0.595,1.0
2025-12-10T23:20:49.887928,0.395,0.605,1.0
2025-12-10T23:20:50.496557,0.395,0.605,1.0
2025-12-10T23:20:51.132465,0.395,0.605,1.0
2025-12-10T23:20:51.755207,0.395,0.605,1.0
2025-12-10T23:20:52.398809,0.405,0.595,1.0
2025-12-10T23:20:53.029281,0.415,0.585,1.0
2025-12-10T23:20:53.660012,0.415,0.585,1.0
2025-12-10T23:20:54.293482,0.415,0.585,1.0
2025-12-10T23:20:54.928831,0.415,0.585,1.0
2025-12-10T23:20:55.573516,0.415,0.595,1.01
2025-12-10T23:20:56.192761,0.385,0.615,1.0
2025-12-10T23:20:56.818047,0.385,0.615,1.0
2025-12-10T23:20:57.453041,0.395,0.605,1.0
2025-12-10T23:20:58.081294,0.395,0.605,1.0
2025-12-10T23:20:58.708214,0.395,0.605,1.0
2025-12-10T23:20:57.682567,0.405,0.595,1.0
2025-12-10T23:20:58.307372,0.405,0.595,1.0
2025-12-10T23:20:58.927536,0.405,0.595,1.0
2025-12-10T23:20:59.562450,0.405,0.595,1.0
2025-12-10T23:21:00.229920,0.405,0.595,1.0
2025-12-10T23:21:00.848561,0.405,0.595,1.0
2025-12-10T23:21:01.482462,0.405,0.595,1.0
2025-12-10T23:21:02.145252,0.395,0.605,1.0
2025-12-10T23:21:02.807516,0.395,0.605,1.0
2025-12-10T23:21:03.497549,0.385,0.615,1.0
2025-12-10T23:21:04.131743,0.385,0.615,1.0
2025-12-10T23:21:04.745806,0.39,0.61,1.0
2025-12-10T23:21:05.376673,0.385,0.615,1.0
2025-12-10T23:21:06.008503,0.385,0.615,1.0
2025-12-10T23:21:06.657026,0.385,0.615,1.0
2025-12-10T23:21:07.286391,0.385,0.615,1.0
2025-12-10T23:21:07.907787,0.405,0.595,1.0
2025-12-10T23:21:08.537320,0.415,0.585,1.0
2025-12-10T23:21:09.171584,0.415,0.59,1.005
2025-12-10T23:21:09.791102,0.405,0.595,1.0
2025-12-10T23:21:10.415760,0.405,0.595,1.0
2025-12-10T23:21:11.044092,0.405,0.595,1.0
2025-12-10T23:21:11.719804,0.41,0.585,0.9949999999999999
2025-12-10T23:21:12.368476,0.415,0.585,1.0
2025-12-10T23:21:12.996203,0.41,0.59,1.0
2025-12-10T23:21:13.629740,0.41,0.59,1.0
2025-12-10T23:21:14.373739,0.415,0.59,1.005
2025-12-10T23:21:15.001524,0.415,0.585,1.0
2025-12-10T23:21:15.634290,0.42,0.575,0.9949999999999999
2025-12-10T23:21:16.290986,0.435,0.565,1.0
2025-12-10T23:21:16.947592,0.44,0.56,1.0
2025-12-10T23:21:17.580496,0.43,0.57,1.0
2025-12-10T23:21:18.223142,0.435,0.565,1.0
2025-12-10T23:21:18.849414,0.445,0.555,1.0
2025-12-10T23:21:19.491769,0.45,0.54,0.99
2025-12-10T23:21:20.129864,0.47,0.53,1.0
2025-12-10T23:21:20.735635,0.48,0.515,0.995
2025-12-10T23:21:21.358975,0.485,0.515,1.0
2025-12-10T23:21:21.976755,0.475,0.525,1.0
2025-12-10T23:21:22.601811,0.465,0.535,1.0
2025-12-10T23:21:23.225435,0.46,0.54,1.0
2025-12-10T23:21:23.853299,0.46,0.535,0.9950000000000001
2025-12-10T23:21:24.481502,0.475,0.525,1.0
2025-12-10T23:21:25.102748,0.475,0.52,0.995
2025-12-10T23:21:25.733962,0.485,0.515,1.0
2025-12-10T23:21:26.356705,0.48,0.52,1.0
2025-12-10T23:21:26.987052,0.475,0.525,1.0
2025-12-10T23:21:27.613830,0.48,0.52,1.0
2025-12-10T23:21:28.235369,0.485,0.515,1.0
2025-12-10T23:21:28.847578,0.48,0.52,1.0
2025-12-10T23:21:29.462491,0.465,0.535,1.0
2025-12-10T23:21:28.435097,0.455,0.545,1.0
2025-12-10T23:21:29.050921,0.455,0.55,1.0050000000000001
2025-12-10T23:21:29.671127,0.455,0.545,1.0
2025-12-10T23:21:30.312435,0.455,0.545,1.0
2025-12-10T23:21:30.945316,0.46,0.54,1.0
2025-12-10T23:21:31.590085,0.475,0.525,1.0
2025-12-10T23:21:32.212220,0.485,0.515,1.0
2025-12-10T23:21:32.862059,0.495,0.505,1.0
2025-12-10T23:21:33.504781,0.49,0.515,1.005
2025-12-10T23:21:34.133817,0.485,0.515,1.0
2025-12-10T23:21:34.768743,0.495,0.505,1.0
2025-12-10T23:21:35.413153,0.495,0.505,1.0
2025-12-10T23:21:36.033372,0.49,0.51,1.0
2025-12-10T23:21:36.661573,0.49,0.51,1.0
2025-12-10T23:21:37.303399,0.49,0.51,1.0
2025-12-10T23:21:37.927224,0.49,0.51,1.0
2025-12-10T23:21:38.556201,0.485,0.515,1.0
2025-12-10T23:21:39.176743,0.485,0.515,1.0
2025-12-10T23:21:39.800057,0.485,0.515,1.0
2025-12-10T23:21:40.469263,0.485,0.515,1.0
2025-12-10T23:21:41.112332,0.485,0.515,1.0
2025-12-10T23:21:41.745195,0.495,0.505,1.0
2025-12-10T23:21:42.376909,0.51,0.49,1.0
2025-12-10T23:21:43.023250,0.51,0.49,1.0
2025-12-10T23:21:43.641536,0.51,0.49,1.0
2025-12-10T23:21:44.280076,0.505,0.495,1.0
2025-12-10T23:21:44.922324,0.505,0.495,1.0
2025-12-10T23:21:45.553648,0.505,0.495,1.0
2025-12-10T23:21:46.174983,0.51,0.49,1.0
2025-12-10T23:21:46.804980,0.505,0.495,1.0
2025-12-10T23:21:47.458714,0.505,0.495,1.0
2025-12-10T23:21:48.092406,0.505,0.495,1.0
2025-12-10T23:21:48.727283,0.505,0.495,1.0
2025-12-10T23:21:49.358971,0.52,0.48,1.0
2025-12-10T23:21:49.990288,0.525,0.48,1.005
2025-12-10T23:21:50.623715,0.52,0.48,1.0
2025-12-10T23:21:51.284953,0.525,0.475,1.0
2025-12-10T23:21:51.910981,0.525,0.475,1.0
2025-12-10T23:21:52.539173,0.545,0.455,1.0
2025-12-10T23:21:53.327774,0.545,0.455,1.0
2025-12-10T23:21:53.970824,0.535,0.465,1.0
2025-12-10T23:21:54.601355,0.535,0.465,1.0
2025-12-10T23:21:55.292641,0.535,0.465,1.0
2025-12-10T23:21:55.919438,0.535,0.465,1.0
2025-12-10T23:21:56.542910,0.535,0.465,1.0
2025-12-10T23:21:57.172184,0.535,0.465,1.0
2025-12-10T23:21:57.800698,0.535,0.465,1.0
2025-12-10T23:21:58.423527,0.535,0.465,1.0
2025-12-10T23:21:59.052130,0.535,0.465,1.0
2025-12-10T23:21:59.678277,0.565,0.435,1.0
2025-12-10T23:22:00.314193,0.57,0.43,1.0
2025-12-10T23:21:59.305422,0.57,0.43,1.0
2025-12-10T23:21:59.959358,0.565,0.435,1.0
2025-12-10T23:22:00.591621,0.575,0.425,1.0
2025-12-10T23:22:01.214699,0.57,0.43,1.0
2025-12-10T23:22:01.848540,0.575,0.425,1.0
2025-12-10T23:22:02.467655,0.57,0.43,1.0
2025-12-10T23:22:03.097896,0.565,0.435,1.0
2025-12-10T23:22:03.723158,0.565,0.435,1.0
2025-12-10T23:22:04.359879,0.57,0.43,1.0
2025-12-10T23:22:05.006656,0.56,0.44,1.0
2025-12-10T23:22:05.649112,0.56,0.44,1.0
2025-12-10T23:22:06.275635,0.57,0.43,1.0
2025-12-10T23:22:06.932682,0.585,0.415,1.0
2025-12-10T23:22:07.560486,0.595,0.405,1.0
2025-12-10T23:22:08.174706,0.605,0.395,1.0
2025-12-10T23:22:08.808497,0.605,0.395,1.0
2025-12-10T23:22:09.449823,0.615,0.385,1.0
2025-12-10T23:22:10.075289,0.605,0.395,1.0
2025-12-10T23:22:10.706609,0.625,0.375,1.0
2025-12-10T23:22:11.322573,0.59,0.41,1.0
2025-12-10T23:22:11.959069,0.575,0.42,0.9949999999999999
2025-12-10T23:22:12.614340,0.585,0.415,1.0
2025-12-10T23:22:13.227492,0.585,0.415,1.0
2025-12-10T23:22:13.866860,0.585,0.415,1.0
2025-12-10T23:22:14.492833,0.585,0.415,1.0
2025-12-10T23:22:15.101388,0.575,0.425,1.0
2025-12-10T23:22:15.706989,0.58,0.42,1.0
2025-12-10T23:22:16.321560,0.585,0.415,1.0
2025-12-10T23:22:16.989555,0.575,0.42,0.9949999999999999
2025-12-10T23:22:17.614957,0.585,0.415,1.0
2025-12-10T23:22:18.224541,0.58,0.42,1.0
2025-12-10T23:22:18.849332,0.575,0.425,1.0
2025-12-10T23:22:19.469677,0.58,0.42,1.0
2025-12-10T23:22:20.075410,0.58,0.42,1.0
2025-12-10T23:22:20.723034,0.58,0.42,1.0
2025-12-10T23:22:21.371482,0.585,0.415,1.0
2025-12-10T23:22:22.023283,0.55,0.45,1.0
2025-12-10T23:22:22.655658,0.545,0.455,1.0
2025-12-10T23:22:23.276318,0.545,0.455,1.0
2025-12-10T23:22:23.882416,0.545,0.455,1.0
2025-12-10T23:22:24.491071,0.545,0.455,1.0
2025-12-10T23:22:25.148448,0.55,0.45,1.0
2025-12-10T23:22:25.804947,0.545,0.455,1.0
2025-12-10T23:22:26.415927,0.55,0.45,1.0
2025-12-10T23:22:27.044970,0.55,0.45,1.0
2025-12-10T23:22:27.663404,0.545,0.455,1.0
2025-12-10T23:22:28.275690,0.55,0.45,1.0
2025-12-10T23:22:28.875666,0.545,0.455,1.0
2025-12-10T23:22:29.489686,0.53,0.47,1.0
2025-12-10T23:22:30.133794,0.535,0.465,1.0
2025-12-10T23:22:30.757334,0.53,0.47,1.0
2025-12-10T23:22:29.682817,0.515,0.485,1.0
2025-12-10T23:22:30.312300,0.535,0.465,1.0
2025-12-10T23:22:30.927819,0.535,0.47,1.005
2025-12-10T23:22:31.564415,0.515,0.485,1.0
2025-12-10T23:22:32.175320,0.52,0.48,1.0
2025-12-10T23:22:32.790412,0.52,0.48,1.0
2025-12-10T23:22:33.456305,0.52,0.48,1.0
2025-12-10T23:22:34.062916,0.505,0.495,1.0
2025-12-10T23:22:34.683618,0.505,0.495,1.0
2025-12-10T23:22:35.308295,0.52,0.48,1.0
2025-12-10T23:22:35.935083,0.525,0.475,1.0
2025-12-10T23:22:36.549619,0.535,0.465,1.0
2025-12-10T23:22:37.173894,0.535,0.465,1.0
2025-12-10T23:22:37.781926,0.535,0.465,1.0
2025-12-10T23:22:38.385596,0.535,0.465,1.0
2025-12-10T23:22:39.013849,0.535,0.465,1.0
2025-12-10T23:22:39.625117,0.535,0.465,1.0
2025-12-10T23:22:40.254088,0.535,0.475,1.01
2025-12-10T23:22:40.882448,0.545,0.455,1.0
2025-12-10T23:22:41.507019,0.545,0.45,0.9950000000000001
2025-12-10T23:22:42.143923,0.575,0.425,1.0
2025-12-10T23:22:42.763073,0.58,0.42,1.0
2025-12-10T23:22:43.371609,0.575,0.425,1.0
2025-12-10T23:22:44.024420,0.58,0.42,1.0
2025-12-10T23:22:44.647421,0.59,0.41,1.0
2025-12-10T23:22:45.306566,0.59,0.41,1.0
2025-12-10T23:22:45.938593,0.59,0.41,1.0
2025-12-10T23:22:46.568932,0.59,0.41,1.0
2025-12-10T23:22:47.169760,0.595,0.405,1.0
2025-12-10T23:22:47.783410,0.59,0.41,1.0
2025-12-10T23:22:48.443740,0.59,0.41,1.0
2025-12-10T23:22:49.084139,0.59,0.41,1.0
2025-12-10T23:22:49.717507,0.59,0.41,1.0
2025-12-10T23:22:50.359127,0.59,0.41,1.0
2025-12-10T23:22:50.986770,0.605,0.395,1.0
2025-12-10T23:22:51.603274,0.625,0.385,1.01
2025-12-10T23:22:52.241697,0.63,0.37,1.0
2025-12-10T23:22:52.867868,0.635,0.365,1.0
2025-12-10T23:22:53.492752,0.63,0.37,1.0
2025-12-10T23:22:54.128793,0.63,0.37,1.0
2025-12-10T23:22:54.783119,0.635,0.365,1.0
2025-12-10T23:22:55.406020,0.63,0.37,1.0
2025-12-10T23:22:56.007475,0.625,0.375,1.0
2025-12-10T23:22:56.633819,0.645,0.355,1.0
2025-12-10T23:22:57.239036,0.625,0.375,1.0
2025-12-10T23:22:57.872805,0.63,0.37,1.0
2025-12-10T23:22:58.489938,0.63,0.37,1.0
2025-12-10T23:22:59.105418,0.63,0.37,1.0
2025-12-10T23:22:59.724394,0.63,0.37,1.0
2025-12-10T23:23:00.331543,0.63,0.37,1.0
2025-12-10T23:23:00.943696,0.63,0.37,1.0
2025-12-10T23:23:01.546766,0.625,0.375,1.0
2025-12-10T23:23:00.513618,0.625,0.375,1.0
2025-12-10T23:23:01.137874,0.625,0.375,1.0
2025-12-10T23:23:01.758085,0.625,0.375,1.0
2025-12-10T23:23:02.364644,0.625,0.375,1.0
2025-12-10T23:23:02.973492,0.625,0.375,1.0
2025-12-10T23:23:03.609182,0.625,0.375,1.0
2025-12-10T23:23:04.243593,0.635,0.36,0.995
2025-12-10T23:23:04.859268,0.665,0.335,1.0
2025-12-10T23:23:05.474946,0.67,0.335,1.0050000000000001
2025-12-10T23:23:06.083589,0.655,0.345,1.0
2025-12-10T23:23:06.747268,0.665,0.335,1.0
2025-12-10T23:23:07.379995,0.665,0.335,1.0
2025-12-10T23:23:07.990070,0.685,0.315,1.0
2025-12-10T23:23:08.669834,0.675,0.33,1.0050000000000001
2025-12-10T23:23:09.301036,0.66,0.34,1.0
2025-12-10T23:23:09.916942,0.655,0.34,0.9950000000000001
2025-12-10T23:23:10.542701,0.66,0.34,1.0
2025-12-10T23:23:11.164869,0.66,0.34,1.0
2025-12-10T23:23:11.800322,0.66,0.34,1.0
2025-12-10T23:23:12.441422,0.665,0.335,1.0
2025-12-10T23:23:13.066785,0.675,0.325,1.0
2025-12-10T23:23:13.718635,0.675,0.325,1.0
2025-12-10T23:23:14.357328,0.67,0.33,1.0
2025-12-10T23:23:14.985848,0.67,0.33,1.0
2025-12-10T23:23:15.606788,0.67,0.33,1.0
2025-12-10T23:23:16.228515,0.67,0.33,1.0
2025-12-10T23:23:16.851412,0.675,0.325,1.0
2025-12-10T23:23:17.460116,0.67,0.33,1.0
2025-12-10T23:23:18.083432,0.665,0.335,1.0
2025-12-10T23:23:18.708961,0.645,0.355,1.0
2025-12-10T23:23:19.323705,0.645,0.355,1.0
2025-12-10T23:23:19.937089,0.645,0.355,1.0
2025-12-10T23:23:20.567207,0.635,0.365,1.0
2025-12-10T23:23:21.199314,0.63,0.37,1.0
2025-12-10T23:23:21.823627,0.64,0.36,1.0
2025-12-10T23:23:22.449112,0.635,0.365,1.0
2025-12-10T23:23:23.097438,0.635,0.365,1.0
2025-12-10T23:23:23.723720,0.625,0.375,1.0
2025-12-10T23:23:24.346491,0.625,0.38,1.005
2025-12-10T23:23:24.961897,0.62,0.38,1.0
2025-12-10T23:23:25.574640,0.625,0.375,1.0
2025-12-10T23:23:26.217072,0.64,0.36,1.0
2025-12-10T23:23:26.841308,0.635,0.365,1.0
2025-12-10T23:23:27.458186,0.63,0.37,1.0
2025-12-10T23:23:28.094080,0.645,0.355,1.0
2025-12-10T23:23:28.709555,0.655,0.345,1.0
2025-12-10T23:23:29.338941,0.65,0.35,1.0
2025-12-10T23:23:29.963920,0.645,0.355,1.0
2025-12-10T23:23:30.585738,0.645,0.355,1.0
2025-12-10T23:23:31.210854,0.645,0.355,1.0
2025-12-10T23:23:31.850790,0.645,0.355,1.0
2025-12-10T23:23:30.862419,0.645,0.355,1.0
2025-12-10T23:23:31.490464,0.645,0.35,0.995
2025-12-10T23:23:32.128592,0.65,0.35,1.0
2025-12-10T23:23:32.750496,0.635,0.365,1.0
2025-12-10T23:23:33.374494,0.64,0.36,1.0
2025-12-10T23:23:34.005275,0.645,0.36,1.005
2025-12-10T23:23:34.645740,0.655,0.345,1.0
2025-12-10T23:23:35.285152,0.645,0.355,1.0
2025-12-10T23:23:35.899592,0.645,0.355,1.0
2025-12-10T23:23:36.510175,0.64,0.36,1.0
2025-12-10T23:23:37.135837,0.635,0.375,1.01
2025-12-10T23:23:37.746056,0.625,0.375,1.0
2025-12-10T23:23:38.364524,0.645,0.355,1.0
2025-12-10T23:23:39.005384,0.645,0.355,1.0
2025-12-10T23:23:39.653732,0.63,0.37,1.0
2025-12-10T23:23:40.282610,0.615,0.385,1.0
2025-12-10T23:23:40.896558,0.615,0.385,1.0
2025-12-10T23:23:41.533518,0.605,0.395,1.0
2025-12-10T23:23:42.165210,0.605,0.395,1.0
2025-12-10T23:23:42.789207,0.605,0.395,1.0
2025-12-10T23:23:43.422308,0.605,0.395,1.0
2025-12-10T23:23:44.037354,0.605,0.395,1.0
2025-12-10T23:23:44.650618,0.6,0.4,1.0
2025-12-10T23:23:45.299034,0.6,0.4,1.0
2025-12-10T23:23:46.232984,0.6,0.4,1.0
2025-12-10T23:23:46.868251,0.595,0.405,1.0
2025-12-10T23:23:47.486286,0.585,0.415,1.0
2025-12-10T23:23:48.111266,0.59,0.41,1.0
2025-12-10T23:23:48.733890,0.59,0.41,1.0
2025-12-10T23:23:49.361665,0.585,0.415,1.0
2025-12-10T23:23:50.001268,0.585,0.415,1.0
2025-12-10T23:23:50.625103,0.585,0.415,1.0
2025-12-10T23:23:51.256879,0.585,0.415,1.0
2025-12-10T23:23:51.886225,0.595,0.405,1.0
2025-12-10T23:23:52.487587,0.595,0.405,1.0
2025-12-10T23:23:53.102485,0.595,0.405,1.0
2025-12-10T23:23:53.748115,0.595,0.405,1.0
2025-12-10T23:23:54.388180,0.595,0.415,1.01
2025-12-10T23:23:55.038842,0.585,0.415,1.0
2025-12-10T23:23:55.666266,0.58,0.42,1.0
2025-12-10T23:23:56.287322,0.58,0.42,1.0
2025-12-10T23:23:56.905996,0.585,0.415,1.0
2025-12-10T23:23:57.536848,0.585,0.415,1.0
2025-12-10T23:23:58.162003,0.575,0.425,1.0
2025-12-10T23:23:58.797152,0.565,0.435,1.0
2025-12-10T23:23:59.431420,0.57,0.43,1.0
2025-12-10T23:24:00.055869,0.57,0.43,1.0
2025-12-10T23:24:00.738076,0.57,0.43,1.0
2025-12-10T23:24:01.355223,0.57,0.43,1.0
2025-12-10T23:24:01.984336,0.57,0.43,1.0
2025-12-10T23:24:02.608109,0.575,0.425,1.0
2025-12-10T23:24:01.601696,0.585,0.415,1.0
2025-12-10T23:24:02.238131,0.595,0.405,1.0
2025-12-10T23:24:02.858726,0.59,0.41,1.0
2025-12-10T23:24:03.496839,0.595,0.405,1.0
2025-12-10T23:24:04.133161,0.595,0.405,1.0
2025-12-10T23:24:04.752476,0.585,0.415,1.0
2025-12-10T23:24:05.383983,0.595,0.405,1.0
2025-12-10T23:24:06.019566,0.59,0.41,1.0
2025-12-10T23:24:06.648234,0.59,0.41,1.0
2025-12-10T23:24:07.308204,0.59,0.405,0.995
2025-12-10T23:24:07.933672,0.595,0.405,1.0
2025-12-10T23:24:08.571146,0.6,0.4,1.0
2025-12-10T23:24:09.212535,0.595,0.405,1.0
2025-12-10T23:24:09.876790,0.595,0.405,1.0
2025-12-10T23:24:10.506144,0.605,0.395,1.0
2025-12-10T23:24:11.125569,0.6,0.4,1.0
2025-12-10T23:24:11.764452,0.615,0.385,1.0
2025-12-10T23:24:12.382599,0.605,0.395,1.0
2025-12-10T23:24:13.004114,0.605,0.395,1.0
2025-12-10T23:24:13.634467,0.62,0.375,0.995
2025-12-10T23:24:14.260641,0.625,0.375,1.0
2025-12-10T23:24:14.902442,0.615,0.385,1.0
2025-12-10T23:24:15.575769,0.615,0.385,1.0
2025-12-10T23:24:16.201874,0.62,0.38,1.0
2025-12-10T23:24:16.835324,0.625,0.37,0.995
2025-12-10T23:24:17.459897,0.63,0.37,1.0
2025-12-10T23:24:18.089500,0.625,0.375,1.0
2025-12-10T23:24:18.734650,0.625,0.375,1.0
2025-12-10T23:24:19.373538,0.625,0.375,1.0
2025-12-10T23:24:20.018938,0.635,0.365,1.0
2025-12-10T23:24:20.633663,0.65,0.355,1.005
2025-12-10T23:24:21.282055,0.65,0.345,0.995
2025-12-10T23:24:21.895413,0.655,0.345,1.0
2025-12-10T23:24:22.518448,0.675,0.325,1.0
2025-12-10T23:24:23.153763,0.66,0.34,1.0
2025-12-10T23:24:23.781231,0.665,0.335,1.0
2025-12-10T23:24:24.394731,0.675,0.325,1.0
2025-12-10T23:24:25.012186,0.675,0.325,1.0
2025-12-10T23:24:25.622952,0.685,0.315,1.0
2025-12-10T23:24:26.231699,0.695,0.305,1.0
2025-12-10T23:24:26.875056,0.695,0.305,1.0
2025-12-10T23:24:27.512245,0.7,0.3,1.0
2025-12-10T23:24:28.134918,0.705,0.295,1.0
2025-12-10T23:24:28.753176,0.7,0.3,1.0
2025-12-10T23:24:29.398732,0.69,0.315,1.005
2025-12-10T23:24:30.041142,0.685,0.315,1.0
2025-12-10T23:24:30.765920,0.685,0.315,1.0
2025-12-10T23:24:31.402175,0.685,0.315,1.0
2025-12-10T23:24:32.029227,0.68,0.32,1.0
2025-12-10T23:24:32.662781,0.685,0.315,1.0
2025-12-10T23:24:33.301918,0.69,0.31,1.0
2025-12-10T23:24:32.265393,0.69,0.31,1.0
2025-12-10T23:24:32.902985,0.695,0.305,1.0
2025-12-10T23:24:33.552889,0.695,0.305,1.0
2025-12-10T23:24:34.186157,0.695,0.305,1.0
2025-12-10T23:24:34.817179,0.695,0.305,1.0
2025-12-10T23:24:35.459244,0.685,0.315,1.0
2025-12-10T23:24:36.087307,0.69,0.31,1.0
2025-12-10T23:24:36.709972,0.69,0.31,1.0
2025-12-10T23:24:37.357309,0.695,0.305,1.0
2025-12-10T23:24:37.979961,0.675,0.325,1.0
2025-12-10T23:24:38.605761,0.675,0.32,0.9950000000000001
2025-12-10T23:24:39.243074,0.69,0.305,0.9949999999999999
2025-12-10T23:24:39.854628,0.695,0.305,1.0
2025-12-10T23:24:40.487340,0.695,0.305,1.0
2025-12-10T23:24:41.114657,0.705,0.295,1.0
2025-12-10T23:24:41.754479,0.7,0.3,1.0
2025-12-10T23:24:42.377366,0.7,0.3,1.0
2025-12-10T23:24:42.992215,0.7,0.3,1.0
2025-12-10T23:24:43.606985,0.695,0.305,1.0
2025-12-10T23:24:44.258950,0.685,0.305,0.99
2025-12-10T23:24:44.879373,0.695,0.305,1.0
2025-12-10T23:24:45.496871,0.695,0.305,1.0
2025-12-10T23:24:46.131305,0.695,0.305,1.0
2025-12-10T23:24:46.758933,0.695,0.305,1.0
2025-12-10T23:24:47.409201,0.7,0.3,1.0
2025-12-10T23:24:48.037497,0.695,0.305,1.0
2025-12-10T23:24:48.667198,0.705,0.295,1.0
2025-12-10T23:24:49.290800,0.715,0.285,1.0
2025-12-10T23:24:49.924447,0.715,0.285,1.0
2025-12-10T23:24:50.551590,0.715,0.285,1.0
2025-12-10T23:24:51.184636,0.72,0.28,1.0
2025-12-10T23:24:51.825450,0.72,0.275,0.995
2025-12-10T23:24:52.453393,0.725,0.275,1.0
2025-12-10T23:24:53.104838,0.735,0.265,1.0
2025-12-10T23:24:53.756414,0.745,0.255,1.0
2025-12-10T23:24:54.409897,0.74,0.255,0.995
2025-12-10T23:24:55.053883,0.755,0.245,1.0
2025-12-10T23:24:55.692602,0.755,0.245,1.0
2025-12-10T23:24:56.338352,0.755,0.245,1.0
2025-12-10T23:24:56.963647,0.755,0.245,1.0
2025-12-10T23:24:57.588605,0.755,0.245,1.0
2025-12-10T23:24:58.218674,0.765,0.235,1.0
2025-12-10T23:24:58.848431,0.76,0.24,1.0
2025-12-10T23:24:59.475556,0.76,0.235,0.995
2025-12-10T23:25:00.096067,0.775,0.225,1.0
2025-12-10T23:25:00.724285,0.775,0.225,1.0
2025-12-10T23:25:01.329495,0.775,0.22,0.995
2025-12-10T23:25:01.957870,0.76,0.24,1.0
2025-12-10T23:25:02.578433,0.765,0.245,1.01
2025-12-10T23:25:03.207497,0.745,0.255,1.0
2025-12-10T23:25:03.831124,0.73,0.225,0.955
2025-12-10T23:25:02.799666,0.77,0.23,1.0
2025-12-10T23:25:03.444917,0.745,0.25,0.995
2025-12-10T23:25:04.065011,0.76,0.25,1.01
2025-12-10T23:25:04.697835,0.77,0.23,1.0
2025-12-10T23:25:05.380070,0.77,0.23,1.0
2025-12-10T23:25:06.002254,0.77,0.235,1.005
2025-12-10T23:25:06.630979,0.77,0.23,1.0
2025-12-10T23:25:07.266992,0.77,0.23,1.0
2025-12-10T23:25:07.899061,0.77,0.23,1.0
2025-12-10T23:25:08.565133,0.755,0.245,1.0
2025-12-10T23:25:09.194495,0.765,0.24,1.005
2025-12-10T23:25:09.820129,0.76,0.245,1.005
2025-12-10T23:25:10.453689,0.755,0.245,1.0
2025-12-10T23:25:11.085486,0.765,0.235,1.0
2025-12-10T23:25:11.714899,0.765,0.235,1.0
2025-12-10T23:25:12.336695,0.765,0.235,1.0
2025-12-10T23:25:12.970212,0.765,0.235,1.0
2025-12-10T23:25:13.601421,0.79,0.21,1.0
2025-12-10T23:25:14.266262,0.795,0.205,1.0
2025-12-10T23:25:14.914062,0.795,0.205,1.0
2025-12-10T23:25:15.538122,0.805,0.19,0.9950000000000001
2025-12-10T23:25:16.178402,0.81,0.19,1.0
2025-12-10T23:25:16.800383,0.825,0.175,1.0
2025-12-10T23:25:17.424255,0.835,0.165,1.0
2025-12-10T23:25:18.084483,0.84,0.16,1.0
2025-12-10T23:25:18.722095,0.84,0.16,1.0
2025-12-10T23:25:19.349170,0.835,0.165,1.0
2025-12-10T23:25:20.023717,0.84,0.16,1.0
2025-12-10T23:25:20.646884,0.855,0.145,1.0
2025-12-10T23:25:21.281930,0.845,0.15,0.995
2025-12-10T23:25:21.900205,0.84,0.16,1.0
2025-12-10T23:25:22.533109,0.845,0.155,1.0
2025-12-10T23:25:23.192434,0.85,0.145,0.995
2025-12-10T23:25:23.830911,0.855,0.145,1.0
2025-12-10T23:25:24.447404,0.85,0.15,1.0
2025-12-10T23:25:25.071974,0.855,0.15,1.005
2025-12-10T23:25:25.707279,0.85,0.15,1.0
2025-12-10T23:25:26.372808,0.85,0.15,1.0
2025-12-10T23:25:27.015271,0.85,0.15,1.0
2025-12-10T23:25:27.655836,0.855,0.145,1.0
2025-12-10T23:25:28.267316,0.85,0.15,1.0
2025-12-10T23:25:28.901480,0.855,0.145,1.0
2025-12-10T23:25:29.547426,0.855,0.145,1.0
2025-12-10T23:25:30.173090,0.85,0.15,1.0
2025-12-10T23:25:30.794667,0.85,0.15,1.0
2025-12-10T23:25:31.433167,0.85,0.15,1.0
2025-12-10T23:25:32.077895,0.855,0.145,1.0
2025-12-10T23:25:32.726714,0.855,0.14,0.995
2025-12-10T23:25:33.341016,0.87,0.125,0.995
2025-12-10T23:25:34.001029,0.87,0.13,1.0
2025-12-10T23:25:34.615925,0.87,0.13,1.0
2025-12-10T23:25:33.592642,0.875,0.125,1.0
2025-12-10T23:25:34.241044,0.875,0.125,1.0
2025-12-10T23:25:34.869464,0.875,0.125,1.0
2025-12-10T23:25:35.502498,0.875,0.115,0.99
2025-12-10T23:25:36.127085,0.895,0.105,1.0
2025-12-10T23:25:36.764390,0.9,0.1,1.0
2025-12-10T23:25:37.379035,0.915,0.085,1.0
2025-12-10T23:25:38.002269,0.915,0.085,1.0
2025-12-10T23:25:38.643433,0.92,0.08,1.0
2025-12-10T23:25:39.267898,0.925,0.075,1.0
2025-12-10T23:25:39.901338,0.935,0.065,1.0
2025-12-10T23:25:40.590633,0.935,0.055,0.9900000000000001
2025-12-10T23:25:41.208063,0.945,0.055,1.0
2025-12-10T23:25:41.823124,0.955,0.045,1.0
2025-12-10T23:25:42.437482,0.955,0.045,1.0
2025-12-10T23:25:43.050720,0.965,0.035,1.0
2025-12-10T23:25:43.695253,0.96,0.04,1.0
2025-12-10T23:25:44.317178,0.965,0.035,1.0
2025-12-10T23:25:44.929028,0.965,0.035,1.0
2025-12-10T23:25:45.569626,0.955,0.045,1.0
2025-12-10T23:25:46.210534,0.945,0.065,1.01
2025-12-10T23:25:46.874762,0.925,0.075,1.0
2025-12-10T23:25:47.505029,0.935,0.065,1.0
2025-12-10T23:25:48.151529,0.935,0.065,1.0
2025-12-10T23:25:48.778986,0.935,0.065,1.0
2025-12-10T23:25:49.401220,0.935,0.065,1.0
2025-12-10T23:25:50.023752,0.94,0.06,1.0
2025-12-10T23:25:50.656632,0.94,0.06,1.0
2025-12-10T23:25:51.291892,0.945,0.06,1.005
2025-12-10T23:25:51.920616,0.93,0.065,0.9950000000000001
2025-12-10T23:25:52.541970,0.94,0.06,1.0
2025-12-10T23:25:53.178741,0.94,0.06,1.0
2025-12-10T23:25:53.808651,0.94,0.055,0.995
2025-12-10T23:25:54.435934,0.94,0.06,1.0
2025-12-10T23:25:55.080579,0.94,0.06,1.0
2025-12-10T23:25:55.708087,0.94,0.06,1.0
2025-12-10T23:25:56.345848,0.94,0.055,0.995
2025-12-10T23:25:56.985323,0.94,0.06,1.0
2025-12-10T23:25:57.627047,0.935,0.065,1.0
2025-12-10T23:25:58.259768,0.945,0.055,1.0
2025-12-10T23:25:58.879830,0.94,0.06,1.0
2025-12-10T23:25:59.531806,0.94,0.06,1.0
2025-12-10T23:26:00.146756,0.94,0.06,1.0
2025-12-10T23:26:00.778929,0.935,0.065,1.0
2025-12-10T23:26:01.409569,0.94,0.06,1.0
2025-12-10T23:26:02.034673,0.945,0.055,1.0
2025-12-10T23:26:02.708333,0.945,0.045,0.99
2025-12-10T23:26:03.336296,0.955,0.045,1.0
2025-12-10T23:26:03.959118,0.955,0.045,1.0
2025-12-10T23:26:04.579863,0.955,0.045,1.0
2025-12-10T23:26:05.199727,0.955,0.045,1.0
2025-12-10T23:26:04.168345,0.955,0.045,1.0
2025-12-10T23:26:04.789912,0.965,0.035,1.0
2025-12-10T23:26:05.411292,0.965,0.035,1.0
2025-12-10T23:26:06.032194,0.965,0.035,1.0
2025-12-10T23:26:06.657357,0.975,0.025,1.0
2025-12-10T23:26:07.286718,0.975,0.025,1.0
2025-12-10T23:26:07.928873,0.975,0.025,1.0
2025-12-10T23:26:08.555560,0.975,0.025,1.0
2025-12-10T23:26:09.188538,0.975,0.025,1.0
2025-12-10T23:26:09.815681,0.975,0.025,1.0
2025-12-10T23:26:10.425047,0.97,0.03,1.0
2025-12-10T23:26:11.042844,0.965,0.035,1.0
2025-12-10T23:26:11.664388,0.965,0.035,1.0
2025-12-10T23:26:12.287288,0.965,0.035,1.0
2025-12-10T23:26:12.907337,0.965,0.035,1.0
2025-12-10T23:26:13.518706,0.965,0.035,1.0
2025-12-10T23:26:14.153612,0.965,0.035,1.0
2025-12-10T23:26:14.785351,0.965,0.035,1.0
2025-12-10T23:26:15.423568,0.965,0.035,1.0
2025-12-10T23:26:16.031391,0.965,0.035,1.0
2025-12-10T23:26:16.646287,0.965,0.035,1.0
2025-12-10T23:26:17.264075,0.965,0.035,1.0
2025-12-10T23:26:17.900182,0.965,0.035,1.0
2025-12-10T23:26:18.508191,0.955,0.045,1.0
2025-12-10T23:26:19.119102,0.955,0.045,1.0
2025-12-10T23:26:19.742399,0.955,0.045,1.0
2025-12-10T23:26:20.362912,0.955,0.045,1.0
2025-12-10T23:26:21.048615,0.96,0.045,1.005
2025-12-10T23:26:21.681325,0.955,0.04,0.995
2025-12-10T23:26:22.312466,0.965,0.035,1.0
2025-12-10T23:26:22.934416,0.975,0.025,1.0
2025-12-10T23:26:23.582647,0.975,0.025,1.0
2025-12-10T23:26:24.199030,0.975,0.025,1.0
2025-12-10T23:26:24.818020,0.975,0.025,1.0
2025-12-10T23:26:25.459425,0.975,0.025,1.0
2025-12-10T23:26:26.081906,0.975,0.025,1.0
2025-12-10T23:26:26.710064,0.975,0.025,1.0
2025-12-10T23:26:27.331345,0.975,0.03,1.005
2025-12-10T23:26:27.967903,0.97,0.03,1.0
2025-12-10T23:26:28.600445,0.975,0.025,1.0
2025-12-10T23:26:29.233244,0.975,0.025,1.0
2025-12-10T23:26:29.872784,0.965,0.035,1.0
2025-12-10T23:26:30.500900,0.965,0.035,1.0
2025-12-10T23:26:31.125385,0.965,0.035,1.0
2025-12-10T23:26:31.742900,0.965,0.035,1.0
2025-12-10T23:26:32.367689,0.97,0.03,1.0
2025-12-10T23:26:32.986002,0.97,0.03,1.0
2025-12-10T23:26:33.628461,0.965,0.035,1.0
2025-12-10T23:26:34.258511,0.965,0.035,1.0
2025-12-10T23:26:34.892639,0.965,0.035,1.0
2025-12-10T23:26:35.530112,0.97,0.03,1.0
2025-12-10T23:26:34.514012,0.97,0.03,1.0
2025-12-10T23:26:35.146539,0.97,0.03,1.0
2025-12-10T23:26:35.775972,0.97,0.03,1.0
2025-12-10T23:26:36.441396,0.97,0.03,1.0
2025-12-10T23:26:37.085399,0.97,0.03,1.0
2025-12-10T23:26:37.719959,0.975,0.025,1.0
2025-12-10T23:26:38.359187,0.975,0.025,1.0
2025-12-10T23:26:38.992141,0.975,0.025,1.0
2025-12-10T23:26:39.616882,0.975,0.025,1.0
2025-12-10T23:26:40.242125,0.965,0.035,1.0
2025-12-10T23:26:40.863593,0.965,0.035,1.0
2025-12-10T23:26:41.490494,0.975,0.025,1.0
2025-12-10T23:26:42.121384,0.975,0.025,1.0
2025-12-10T23:26:42.757350,0.975,0.025,1.0
2025-12-10T23:26:43.381984,0.975,0.025,1.0
2025-12-10T23:26:44.004353,0.975,0.025,1.0
2025-12-10T23:26:44.632123,0.975,0.025,1.0
2025-12-10T23:26:45.257834,0.975,0.025,1.0
2025-12-10T23:26:45.880307,0.975,0.025,1.0
2025-12-10T23:26:46.501546,0.975,0.025,1.0
2025-12-10T23:26:47.117615,0.975,0.025,1.0
2025-12-10T23:26:47.733369,0.975,0.025,1.0
2025-12-10T23:26:48.339702,0.975,0.025,1.0
2025-12-10T23:26:48.950515,0.975,0.025,1.0
2025-12-10T23:26:49.565089,0.975,0.025,1.0
2025-12-10T23:26:50.195177,0.975,0.025,1.0
2025-12-10T23:26:50.809900,0.975,0.025,1.0
2025-12-10T23:26:51.426107,0.975,0.025,1.0
2025-12-10T23:26:52.029011,0.975,0.025,1.0
2025-12-10T23:26:52.641099,0.975,0.025,1.0
2025-12-10T23:26:53.250915,0.975,0.025,1.0
2025-12-10T23:26:53.859090,0.975,0.025,1.0
2025-12-10T23:26:54.473275,0.975,0.025,1.0
2025-12-10T23:26:55.093807,0.975,0.025,1.0
2025-12-10T23:26:55.725503,0.975,0.025,1.0
2025-12-10T23:26:56.350652,0.975,0.025,1.0
2025-12-10T23:26:56.975086,0.975,0.025,1.0
2025-12-10T23:26:57.604912,0.975,0.025,1.0
2025-12-10T23:26:58.214413,0.965,0.035,1.0
2025-12-10T23:26:58.827592,0.965,0.035,1.0
2025-12-10T23:26:59.443515,0.965,0.035,1.0
2025-12-10T23:27:00.043468,0.965,0.035,1.0
2025-12-10T23:27:00.658100,0.975,0.025,1.0
2025-12-10T23:27:01.281657,0.975,0.025,1.0
2025-12-10T23:27:01.899793,0.975,0.025,1.0
2025-12-10T23:27:02.540072,0.975,0.025,1.0
2025-12-10T23:27:03.161983,0.975,0.025,1.0
2025-12-10T23:27:03.793710,0.975,0.025,1.0
2025-12-10T23:27:04.413927,0.975,0.025,1.0
2025-12-10T23:27:05.042848,0.975,0.025,1.0
2025-12-10T23:27:05.661889,0.975,0.025,1.0
2025-12-10T23:27:06.270673,0.975,0.025,1.0
2025-12-10T23:27:05.292373,0.975,0.025,1.0
2025-12-10T23:27:05.924139,0.965,0.035,1.0
2025-12-10T23:27:06.543036,0.965,0.035,1.0
2025-12-10T23:27:07.189975,0.97,0.035,1.005
2025-12-10T23:27:07.828719,0.965,0.035,1.0
2025-12-10T23:27:08.433263,0.965,0.035,1.0
2025-12-10T23:27:09.046324,0.965,0.035,1.0
2025-12-10T23:27:09.662582,0.965,0.035,1.0
2025-12-10T23:27:10.282878,0.965,0.035,1.0
2025-12-10T23:27:10.890161,0.965,0.035,1.0
2025-12-10T23:27:11.517330,0.965,0.035,1.0
2025-12-10T23:27:12.152822,0.965,0.035,1.0
2025-12-10T23:27:12.874462,0.965,0.035,1.0
2025-12-10T23:27:13.577202,0.965,0.04,1.005
2025-12-10T23:27:14.203513,0.945,0.055,1.0
2025-12-10T23:27:14.829730,0.935,0.065,1.0
2025-12-10T23:27:15.441473,0.935,0.065,1.0
2025-12-10T23:27:16.052857,0.935,0.065,1.0
2025-12-10T23:27:16.680080,0.935,0.065,1.0
2025-12-10T23:27:17.303011,0.935,0.065,1.0
2025-12-10T23:27:17.921457,0.94,0.065,1.005
2025-12-10T23:27:18.537762,0.935,0.065,1.0
2025-12-10T23:27:19.154366,0.925,0.075,1.0
2025-12-10T23:27:19.778140,0.935,0.065,1.0
2025-12-10T23:27:20.393439,0.935,0.065,1.0
2025-12-10T23:27:21.027888,0.935,0.065,1.0
2025-12-10T23:27:21.638885,0.935,0.065,1.0
2025-12-10T23:27:22.265452,0.935,0.065,1.0
2025-12-10T23:27:22.908125,0.935,0.065,1.0
2025-12-10T23:27:23.670149,0.935,0.075,1.01
2025-12-10T23:27:24.284616,0.915,0.085,1.0
2025-12-10T23:27:24.902944,0.91,0.09,1.0
2025-12-10T23:27:25.516561,0.905,0.095,1.0
2025-12-10T23:27:26.144222,0.905,0.095,1.0
2025-12-10T23:27:26.762883,0.905,0.095,1.0
2025-12-10T23:27:27.387729,0.905,0.095,1.0
2025-12-10T23:27:28.022821,0.905,0.095,1.0
2025-12-10T23:27:28.639627,0.905,0.095,1.0
2025-12-10T23:27:29.247901,0.905,0.095,1.0
2025-12-10T23:27:29.860408,0.895,0.105,1.0
2025-12-10T23:27:30.482526,0.895,0.105,1.0
2025-12-10T23:27:31.103840,0.895,0.105,1.0
2025-12-10T23:27:31.737713,0.89,0.11,1.0
2025-12-10T23:27:32.346148,0.89,0.11,1.0
2025-12-10T23:27:32.954534,0.89,0.11,1.0
2025-12-10T23:27:33.572972,0.895,0.105,1.0
2025-12-10T23:27:34.197602,0.895,0.105,1.0
2025-12-10T23:27:34.820338,0.9,0.1,1.0
2025-12-10T23:27:35.443037,0.905,0.095,1.0
2025-12-10T23:27:36.066255,0.89,0.105,0.995
2025-12-10T23:27:36.695647,0.895,0.105,1.0
2025-12-10T23:27:35.662968,0.9,0.1,1.0
2025-12-10T23:27:36.277850,0.885,0.115,1.0
2025-12-10T23:27:36.882382,0.885,0.115,1.0
2025-12-10T23:27:37.509962,0.875,0.125,1.0
2025-12-10T23:27:38.140629,0.87,0.13,1.0
2025-12-10T23:27:38.777874,0.885,0.115,1.0
2025-12-10T23:27:39.389736,0.88,0.12,1.0
2025-12-10T23:27:40.016115,0.88,0.12,1.0
2025-12-10T23:27:40.647454,0.88,0.12,1.0
2025-12-10T23:27:41.283999,0.895,0.105,1.0
2025-12-10T23:27:41.911662,0.885,0.115,1.0
2025-12-10T23:27:42.513649,0.885,0.115,1.0
2025-12-10T23:27:43.142986,0.885,0.115,1.0
2025-12-10T23:27:43.770620,0.89,0.11,1.0
2025-12-10T23:27:44.408831,0.89,0.11,1.0
2025-12-10T23:27:45.024949,0.895,0.105,1.0
2025-12-10T23:27:45.657476,0.9,0.1,1.0
2025-12-10T23:27:46.291251,0.895,0.1,0.995
2025-12-10T23:27:46.905961,0.9,0.1,1.0
2025-12-10T23:27:47.540284,0.9,0.1,1.0
2025-12-10T23:27:48.163654,0.905,0.095,1.0
2025-12-10T23:27:48.776740,0.905,0.095,1.0
2025-12-10T23:27:49.391609,0.905,0.095,1.0
2025-12-10T23:27:49.997854,0.895,0.105,1.0
2025-12-10T23:27:50.639298,0.905,0.095,1.0
2025-12-10T23:27:51.272464,0.905,0.095,1.0
2025-12-10T23:27:51.919807,0.905,0.095,1.0
2025-12-10T23:27:52.539475,0.905,0.095,1.0
2025-12-10T23:27:53.170774,0.905,0.095,1.0
2025-12-10T23:27:53.823714,0.915,0.09,1.0050000000000001
2025-12-10T23:27:54.448518,0.925,0.075,1.0
2025-12-10T23:27:55.077758,0.92,0.08,1.0
2025-12-10T23:27:55.715465,0.92,0.08,1.0
2025-12-10T23:27:56.358468,0.915,0.09,1.0050000000000001
2025-12-10T23:27:56.992873,0.92,0.08,1.0
2025-12-10T23:27:57.640912,0.92,0.08,1.0
2025-12-10T23:27:58.279051,0.925,0.075,1.0
2025-12-10T23:27:58.903007,0.925,0.075,1.0
2025-12-10T23:27:59.526718,0.925,0.075,1.0
2025-12-10T23:28:00.158338,0.925,0.075,1.0
2025-12-10T23:28:00.780860,0.93,0.07,1.0
2025-12-10T23:28:01.404630,0.93,0.07,1.0
2025-12-10T23:28:02.035562,0.93,0.07,1.0
2025-12-10T23:28:02.673123,0.93,0.07,1.0
2025-12-10T23:28:03.299063,0.93,0.065,0.9950000000000001
2025-12-10T23:28:03.929066,0.94,0.065,1.005
2025-12-10T23:28:04.548265,0.93,0.07,1.0
2025-12-10T23:28:05.195617,0.93,0.065,0.9950000000000001
2025-12-10T23:28:05.824929,0.935,0.065,1.0
2025-12-10T23:28:06.456780,0.94,0.06,1.0
2025-12-10T23:28:07.095466,0.965,0.035,1.0
2025-12-10T23:28:07.730242,0.965,0.035,1.0
2025-12-10T23:28:08.374137,0.965,0.035,1.0
2025-12-10T23:28:09.014832,0.965,0.035,1.0
2025-12-10T23:28:09.652613,0.97,0.03,1.0
2025-12-10T23:28:10.292447,0.97,0.025,0.995
2025-12-10T23:28:10.934818,0.975,0.025,1.0
2025-12-10T23:28:11.565660,0.975,0.025,1.0
2025-12-10T23:28:12.184328,0.975,0.025,1.0
2025-12-10T23:28:12.812447,0.975,0.025,1.0
2025-12-10T23:28:13.457692,0.875,0.13,1.005
2025-12-10T23:28:14.082612,0.87,0.13,1.0
2025-12-10T23:28:14.707832,0.865,0.115,0.98
2025-12-10T23:28:15.355513,0.915,0.085,1.0
2025-12-10T23:28:15.977315,0.905,0.095,1.0
2025-12-10T23:28:16.613194,0.895,0.105,1.0
2025-12-10T23:28:17.237573,0.915,0.085,1.0
2025-12-10T23:28:17.860686,0.905,0.095,1.0
2025-12-10T23:28:18.487354,0.905,0.095,1.0
2025-12-10T23:28:19.128945,0.905,0.09,0.995
2025-12-10T23:28:19.745751,0.9,0.105,1.0050000000000001
2025-12-10T23:28:20.367346,0.9,0.1,1.0
2025-12-10T23:28:20.976388,0.905,0.09,0.995
2025-12-10T23:28:21.629162,0.905,0.095,1.0
2025-12-10T23:28:22.242704,0.905,0.095,1.0
2025-12-10T23:28:20.673888,0.895,0.11,1.0050000000000001
2025-12-10T23:28:21.288259,0.895,0.1,0.995
2025-12-10T23:28:21.905595,0.91,0.09,1.0
2025-12-10T23:28:22.521921,0.905,0.095,1.0
2025-12-10T23:28:23.135687,0.905,0.095,1.0
2025-12-10T23:28:23.739806,0.895,0.1,0.995
2025-12-10T23:28:24.351495,0.885,0.115,1.0
2025-12-10T23:28:24.975997,0.9,0.095,0.995
2025-12-10T23:28:25.611870,0.895,0.105,1.0
2025-12-10T23:28:26.253741,0.895,0.105,1.0
2025-12-10T23:28:26.882032,0.885,0.115,1.0
2025-12-10T23:28:27.534825,0.895,0.105,1.0
2025-12-10T23:28:28.158635,0.89,0.11,1.0
2025-12-10T23:28:28.859962,0.89,0.105,0.995
2025-12-10T23:28:29.517753,0.91,0.09,1.0
2025-12-10T23:28:30.135845,0.915,0.085,1.0
2025-12-10T23:28:30.770714,0.91,0.09,1.0
2025-12-10T23:28:31.402707,0.91,0.09,1.0
2025-12-10T23:28:32.040581,0.91,0.09,1.0
2025-12-10T23:28:32.683600,0.895,0.105,1.0
2025-12-10T23:28:33.298270,0.9,0.1,1.0
2025-12-10T23:28:33.923147,0.895,0.105,1.0
2025-12-10T23:28:34.537651,0.895,0.1,0.995
2025-12-10T23:28:35.173579,0.9,0.1,1.0
2025-12-10T23:28:35.815933,0.905,0.095,1.0
2025-12-10T23:28:36.452835,0.905,0.095,1.0
2025-12-10T23:28:37.091804,0.905,0.095,1.0
2025-12-10T23:28:37.733620,0.9,0.1,1.0
2025-12-10T23:28:38.375523,0.885,0.115,1.0
2025-12-10T23:28:39.016235,0.89,0.11,1.0
2025-12-10T23:28:39.660508,0.895,0.105,1.0
2025-12-10T23:28:40.297207,0.895,0.105,1.0
2025-12-10T23:28:40.991360,0.895,0.105,1.0
2025-12-10T23:28:41.621428,0.89,0.11,1.0
2025-12-10T23:28:42.283222,0.89,0.11,1.0
2025-12-10T23:28:42.922027,0.89,0.11,1.0
2025-12-10T23:28:43.614483,0.895,0.105,1.0
2025-12-10T23:28:44.217935,0.9,0.1,1.0
2025-12-10T23:28:44.838288,0.905,0.095,1.0
2025-12-10T23:28:45.509517,0.905,0.095,1.0
2025-12-10T23:28:46.146731,0.905,0.095,1.0
2025-12-10T23:28:46.780886,0.905,0.095,1.0
2025-12-10T23:28:47.420326,0.905,0.095,1.0
2025-12-10T23:28:48.043518,0.905,0.095,1.0
2025-12-10T23:28:48.674427,0.905,0.095,1.0
2025-12-10T23:28:49.286244,0.905,0.095,1.0
2025-12-10T23:28:49.934481,0.91,0.09,1.0
2025-12-10T23:28:50.563861,0.915,0.085,1.0
2025-12-10T23:28:51.170166,0.915,0.085,1.0
2025-12-10T23:28:51.814773,0.91,0.09,1.0
2025-12-10T23:28:52.429702,0.91,0.095,1.0050000000000001
2025-12-10T23:28:51.439181,0.915,0.085,1.0
2025-12-10T23:28:52.064986,0.915,0.085,1.0
2025-12-10T23:28:52.684804,0.915,0.085,1.0
2025-12-10T23:28:53.350273,0.915,0.085,1.0
2025-12-10T23:28:53.976456,0.92,0.08,1.0
2025-12-10T23:28:54.612535,0.925,0.075,1.0
2025-12-10T23:28:55.231632,0.925,0.075,1.0
2025-12-10T23:28:55.847651,0.925,0.075,1.0
2025-12-10T23:28:56.470880,0.925,0.075,1.0
2025-12-10T23:28:57.099785,0.925,0.075,1.0
2025-12-10T23:28:57.724473,0.93,0.07,1.0
2025-12-10T23:28:58.349803,0.93,0.07,1.0
2025-12-10T23:28:58.983685,0.93,0.07,1.0
2025-12-10T23:28:59.603427,0.93,0.07,1.0
2025-12-10T23:29:00.236209,0.925,0.075,1.0
2025-12-10T23:29:00.861619,0.935,0.065,1.0
2025-12-10T23:29:01.489815,0.935,0.06,0.9950000000000001
2025-12-10T23:29:02.106849,0.94,0.06,1.0
2025-12-10T23:29:02.751708,0.945,0.055,1.0
2025-12-10T23:29:03.398203,0.945,0.055,1.0
2025-12-10T23:29:04.044632,0.95,0.055,1.005
2025-12-10T23:29:04.676573,0.95,0.05,1.0
2025-12-10T23:29:05.315309,0.95,0.05,1.0
2025-12-10T23:29:05.955857,0.955,0.045,1.0
2025-12-10T23:29:06.576678,0.955,0.045,1.0
2025-12-10T23:29:07.229868,0.955,0.045,1.0
2025-12-10T23:29:07.850201,0.955,0.045,1.0
2025-12-10T23:29:08.490348,0.955,0.045,1.0
2025-12-10T23:29:09.113433,0.955,0.045,1.0
2025-12-10T23:29:09.745638,0.955,0.045,1.0
2025-12-10T23:29:10.359459,0.965,0.035,1.0
2025-12-10T23:29:10.989182,0.975,0.025,1.0
2025-12-10T23:29:11.604798,0.975,0.025,1.0
2025-12-10T23:29:12.262481,0.975,0.025,1.0
2025-12-10T23:29:12.893597,0.985,0.015,1.0
2025-12-10T23:29:13.532010,0.985,0.015,1.0
2025-12-10T23:29:14.164920,0.985,0.015,1.0
2025-12-10T23:29:14.789270,0.985,0.015,1.0
2025-12-10T23:29:15.423513,0.985,0.015,1.0
2025-12-10T23:29:16.070097,0.985,0.015,1.0
2025-12-10T23:29:16.712016,0.985,0.015,1.0
2025-12-10T23:29:17.335454,0.985,0.015,1.0
2025-12-10T23:29:17.968887,0.985,0.015,1.0
2025-12-10T23:29:18.578394,0.985,0.015,1.0
2025-12-10T23:29:19.201846,0.985,0.015,1.0
2025-12-10T23:29:19.814943,0.985,0.015,1.0
2025-12-10T23:29:20.439554,0.985,0.015,1.0
2025-12-10T23:29:21.063422,0.985,0.015,1.0
2025-12-10T23:29:21.706151,0.985,0.015,1.0
2025-12-10T23:29:22.325130,0.985,0.015,1.0
2025-12-10T23:29:22.949184,0.985,0.015,1.0
2025-12-10T23:29:21.960034,0.985,0.015,1.0
2025-12-10T23:29:22.583251,0.985,0.015,1.0
2025-12-10T23:29:23.224989,0.985,0.015,1.0
2025-12-10T23:29:23.860926,0.985,0.015,1.0
2025-12-10T23:29:24.482995,0.985,0.015,1.0
2025-12-10T23:29:25.103156,0.985,0.015,1.0
2025-12-10T23:29:25.722198,0.985,0.015,1.0
2025-12-10T23:29:26.354364,0.995,0.005,1.0
2025-12-10T23:29:26.979373,0.995,0.005,1.0
2025-12-10T23:29:27.619618,0.995,0.005,1.0
2025-12-10T23:29:28.277982,0.995,0.005,1.0
2025-12-10T23:29:28.892694,0.995,0.005,1.0
2025-12-10T23:29:29.516361,0.995,0.005,1.0
2025-12-10T23:29:30.111447,0.995,0.005,1.0
2025-12-10T23:29:30.741869,0.995,0.005,1.0
2025-12-10T23:29:31.368578,0.995,0.005,1.0
2025-12-10T23:29:32.008301,0.995,0.005,1.0
2025-12-10T23:29:32.643335,0.995,0.005,1.0
2025-12-10T23:29:33.251496,0.995,0.005,1.0
2025-12-10T23:29:33.858739,0.995,0.005,1.0
2025-12-10T23:29:34.487562,0.995,0.005,1.0
2025-12-10T23:29:35.105789,0.995,0.005,1.0
2025-12-10T23:29:35.733553,0.995,0.005,1.0
2025-12-10T23:29:36.371097,0.995,0.005,1.0
2025-12-10T23:29:36.986850,0.995,0.005,1.0
2025-12-10T23:29:37.615781,0.995,0.005,1.0
2025-12-10T23:29:38.238562,0.995,0.005,1.0
2025-12-10T23:29:38.873228,0.995,0.005,1.0
2025-12-10T23:29:39.527491,0.995,0.005,1.0
2025-12-10T23:29:40.148053,0.995,0.005,1.0
2025-12-10T23:29:40.772493,0.995,0.005,1.0
2025-12-10T23:29:41.400726,0.995,0.005,1.0
2025-12-10T23:29:42.049783,0.995,0.005,1.0
2025-12-10T23:29:42.701031,0.995,0.005,1.0
2025-12-10T23:29:43.382586,0.995,0.005,1.0
2025-12-10T23:29:44.055284,0.995,0.005,1.0
2025-12-10T23:29:44.692023,0.995,0.005,1.0
2025-12-10T23:29:45.334703,0.995,0.005,1.0
2025-12-10T23:29:45.993238,0.995,0.005,1.0
2025-12-10T23:29:46.641182,0.995,0.005,1.0
2025-12-10T23:29:47.265737,0.995,0.005,1.0
2025-12-10T23:29:47.913163,0.995,0.005,1.0
2025-12-10T23:29:48.560771,0.995,0.005,1.0
2025-12-10T23:29:49.177548,0.995,0.005,1.0
2025-12-10T23:29:49.800777,0.995,0.005,1.0
2025-12-10T23:29:50.425408,0.995,0.005,1.0
2025-12-10T23:29:51.039122,0.995,0.005,1.0
2025-12-10T23:29:51.657000,0.995,0.005,1.0
2025-12-10T23:29:52.273834,0.995,0.005,1.0
2025-12-10T23:29:52.889008,0.995,0.005,1.0
2025-12-10T23:29:53.493847,0.995,0.005,1.0
2025-12-10T23:29:54.115316,0.995,0.005,1.0
2025-12-10T23:29:53.140766,0.995,0.005,1.0
2025-12-10T23:29:53.756066,0.995,0.005,1.0
2025-12-10T23:29:54.366976,0.995,0.005,1.0
2025-12-10T23:29:54.979154,0.995,0.005,1.0
2025-12-10T23:29:55.590087,0.995,0.005,1.0
2025-12-10T23:29:56.219990,0.995,0.005,1.0
2025-12-10T23:29:56.855382,0.995,0.005,1.0
2025-12-10T23:29:57.473547,0.995,0.005,1.0
2025-12-10T23:29:58.086295,0.995,0.005,1.0
2025-12-10T23:29:58.713825,0.995,0.005,1.0
2025-12-10T23:29:59.326343,0.995,0.005,1.0
2025-12-10T23:29:59.931935,0.995,0.005,1.0
2025-12-10T23:30:00.559435,0.995,0.005,1.0
2025-12-10T23:30:01.229429,0.995,0.005,1.0
2025-12-10T23:30:01.843029,0.995,0.005,1.0
2025-12-10T23:30:02.461931,0.995,0.005,1.0
2025-12-10T23:30:03.085537,0.995,0.005,1.0
2025-12-10T23:30:03.691546,0.995,0.005,1.0
2025-12-10T23:30:04.314893,0.995,0.005,1.0
2025-12-10T23:30:04.947679,0.995,0.005,1.0
2025-12-10T23:30:05.558799,0.995,0.005,1.0
2025-12-10T23:30:06.194898,0.995,0.005,1.0
2025-12-10T23:30:06.814503,0.995,0.005,1.0
2025-12-10T23:30:07.456842,0.995,0.005,1.0
2025-12-10T23:30:08.114673,0.995,0.005,1.0
2025-12-10T23:30:08.718677,0.995,0.005,1.0
2025-12-10T23:30:09.364584,0.995,0.005,1.0
2025-12-10T23:30:09.990333,0.995,0.005,1.0
2025-12-10T23:30:10.626813,0.995,0.005,1.0
2025-12-10T23:30:11.270162,0.995,0.005,1.0
2025-12-10T23:30:11.895862,0.995,0.005,1.0
2025-12-10T23:30:12.516835,0.995,0.005,1.0
2025-12-10T23:30:13.140699,0.995,0.005,1.0
2025-12-10T23:30:13.744718,0.995,0.005,1.0
2025-12-10T23:30:14.368083,0.995,0.005,1.0
2025-12-10T23:30:15.010306,0.995,0.005,1.0
2025-12-10T23:30:15.631392,0.995,0.005,1.0
2025-12-10T23:30:16.250907,0.995,0.005,1.0
2025-12-10T23:30:16.887221,0.995,0.005,1.0
2025-12-10T23:30:17.506959,0.995,0.005,1.0
2025-12-10T23:30:18.120847,0.995,0.005,1.0
2025-12-10T23:30:18.769308,0.995,0.005,1.0
2025-12-10T23:30:19.388779,0.995,0.005,1.0
2025-12-10T23:30:19.999862,0.995,0.005,1.0
2025-12-10T23:30:20.605913,0.995,0.005,1.0
2025-12-10T23:30:21.225524,0.995,0.005,1.0
2025-12-10T23:30:21.842312,0.995,0.005,1.0
2025-12-10T23:30:22.474920,0.995,0.005,1.0
2025-12-10T23:30:23.094293,0.995,0.005,1.0
2025-12-10T23:30:23.703995,0.995,0.005,1.0
2025-12-10T23:30:24.308866,0.995,0.005,1.0
2025-12-10T23:30:23.337273,0.995,0.005,1.0
2025-12-10T23:30:23.946243,0.995,0.005,1.0
2025-12-10T23:30:24.558712,0.995,0.005,1.0
2025-12-10T23:30:25.180186,0.995,0.005,1.0
2025-12-10T23:30:25.802627,0.995,0.005,1.0
2025-12-10T23:30:26.420375,0.995,0.005,1.0
2025-12-10T23:30:27.048138,0.995,0.005,1.0
2025-12-10T23:30:27.683799,0.995,0.005,1.0
2025-12-10T23:30:28.301792,0.995,0.005,1.0
2025-12-10T23:30:28.923165,0.995,0.005,1.0
2025-12-10T23:30:29.537471,0.995,0.005,1.0
2025-12-10T23:30:30.156635,0.995,0.005,1.0
2025-12-10T23:30:30.769810,0.995,0.005,1.0
2025-12-10T23:30:31.391197,0.995,0.005,1.0
2025-12-10T23:30:32.017500,0.995,0.005,1.0
2025-12-10T23:30:32.679981,0.995,0.005,1.0
2025-12-10T23:30:33.302471,0.995,0.005,1.0
2025-12-10T23:30:33.931737,0.995,0.005,1.0
2025-12-10T23:30:34.555857,0.995,0.005,1.0
2025-12-10T23:30:35.192828,0.995,0.005,1.0
2025-12-10T23:30:35.828405,0.995,0.005,1.0
2025-12-10T23:30:36.445614,0.995,0.005,1.0
2025-12-10T23:30:37.062003,0.995,0.005,1.0
2025-12-10T23:30:37.671004,0.995,0.005,1.0
2025-12-10T23:30:38.280776,0.995,0.005,1.0
2025-12-10T23:30:38.895208,0.995,0.005,1.0
2025-12-10T23:30:39.509088,0.995,0.005,1.0
2025-12-10T23:30:40.117006,0.995,0.005,1.0
2025-12-10T23:30:40.730558,0.995,0.005,1.0
2025-12-10T23:30:41.338766,0.995,0.005,1.0
2025-12-10T23:30:41.961473,0.995,0.005,1.0
2025-12-10T23:30:42.568778,0.995,0.005,1.0
2025-12-10T23:30:43.192577,0.995,0.005,1.0
2025-12-10T23:30:43.812788,0.995,0.005,1.0
2025-12-10T23:30:44.422254,0.995,0.005,1.0
2025-12-10T23:30:45.056921,0.995,0.005,1.0
2025-12-10T23:30:45.666427,0.995,0.005,1.0
2025-12-10T23:30:46.290005,0.995,0.005,1.0
2025-12-10T23:30:46.915476,0.995,0.005,1.0
2025-12-10T23:30:47.526327,0.995,0.005,1.0
2025-12-10T23:30:48.161912,0.995,0.005,1.0
2025-12-10T23:30:48.817851,0.995,0.005,1.0
2025-12-10T23:30:49.436867,0.995,0.005,1.0
2025-12-10T23:30:50.052645,0.995,0.005,1.0
2025-12-10T23:30:50.675116,0.995,0.005,1.0
2025-12-10T23:30:51.297733,0.995,0.005,1.0
2025-12-10T23:30:51.930479,0.995,0.005,1.0
2025-12-10T23:30:52.557723,0.995,0.005,1.0
2025-12-10T23:30:53.182602,0.995,0.005,1.0
2025-12-10T23:30:53.795875,0.995,0.005,1.0
2025-12-10T23:30:54.409208,0.995,0.005,1.0
2025-12-10T23:30:55.048228,0.995,0.005,1.0
2025-12-10T23:30:54.042126,0.995,0.005,1.0
2025-12-10T23:30:54.664246,0.995,0.005,1.0
2025-12-10T23:30:55.278616,0.995,0.005,1.0
2025-12-10T23:30:55.888655,0.995,0.005,1.0
2025-12-10T23:30:56.528248,0.995,0.005,1.0
2025-12-10T23:30:57.178998,0.995,0.005,1.0
2025-12-10T23:30:57.784178,0.995,0.005,1.0
2025-12-10T23:30:58.396376,0.995,0.005,1.0
2025-12-10T23:30:59.015702,0.995,0.005,1.0
