timestamp,price_yes,price_no,sum_prices
2025-12-11T02:46:00.811588,0.445,0.56,1.0050000000000001
2025-12-11T02:46:01.427017,0.435,0.565,1.0
2025-12-11T02:46:02.045190,0.44,0.56,1.0
2025-12-11T02:46:02.674758,0.44,0.555,0.9950000000000001
2025-12-11T02:46:03.287617,0.445,0.56,1.0050000000000001
2025-12-11T02:46:03.896922,0.455,0.545,1.0
2025-12-11T02:46:04.494363,0.455,0.545,1.0
2025-12-11T02:46:05.111295,0.455,0.545,1.0
2025-12-11T02:46:05.720958,0.455,0.545,1.0
2025-12-11T02:46:06.331218,0.455,0.545,1.0
2025-12-11T02:46:06.944817,0.455,0.545,1.0
2025-12-11T02:46:07.553343,0.455,0.545,1.0
2025-12-11T02:46:08.167942,0.46,0.54,1.0
2025-12-11T02:46:08.780499,0.45,0.545,0.9950000000000001
2025-12-11T02:46:09.396146,0.455,0.545,1.0
2025-12-11T02:46:10.015677,0.455,0.545,1.0
2025-12-11T02:46:10.628510,0.445,0.555,1.0
2025-12-11T02:46:11.237837,0.435,0.565,1.0
2025-12-11T02:46:11.854877,0.425,0.575,1.0
2025-12-11T02:46:12.454470,0.415,0.585,1.0
2025-12-11T02:46:13.068509,0.405,0.595,1.0
2025-12-11T02:46:13.677261,0.42,0.585,1.005
2025-12-11T02:46:14.289756,0.42,0.58,1.0
2025-12-11T02:46:14.904072,0.425,0.575,1.0
2025-12-11T02:46:15.522972,0.425,0.575,1.0
2025-12-11T02:46:16.135797,0.425,0.575,1.0
2025-12-11T02:46:16.747976,0.425,0.575,1.0
2025-12-11T02:46:17.358728,0.435,0.565,1.0
2025-12-11T02:46:17.965722,0.445,0.555,1.0
2025-12-11T02:46:18.577966,0.445,0.555,1.0
2025-12-11T02:46:19.191316,0.445,0.555,1.0
2025-12-11T02:46:19.801657,0.455,0.545,1.0
2025-12-11T02:46:20.409160,0.435,0.565,1.0
2025-12-11T02:46:21.020351,0.435,0.565,1.0
2025-12-11T02:46:21.635461,0.42,0.58,1.0
2025-12-11T02:46:22.246454,0.425,0.575,1.0
2025-12-11T02:46:22.860865,0.425,0.575,1.0
2025-12-11T02:46:23.473359,0.42,0.58,1.0
2025-12-11T02:46:24.089850,0.425,0.575,1.0
2025-12-11T02:46:24.700440,0.425,0.575,1.0
2025-12-11T02:46:25.314069,0.425,0.575,1.0
2025-12-11T02:46:24.336428,0.425,0.575,1.0
2025-12-11T02:46:24.950606,0.425,0.575,1.0
2025-12-11T02:46:25.559400,0.425,0.575,1.0
2025-12-11T02:46:26.167368,0.42,0.58,1.0
2025-12-11T02:46:26.775722,0.415,0.58,0.9949999999999999
2025-12-11T02:46:27.383011,0.42,0.58,1.0
2025-12-11T02:46:27.991931,0.42,0.58,1.0
2025-12-11T02:46:28.600489,0.42,0.58,1.0
2025-12-11T02:46:29.222160,0.415,0.585,1.0
2025-12-11T02:46:29.831486,0.42,0.575,0.9949999999999999
2025-12-11T02:46:30.438833,0.425,0.575,1.0
2025-12-11T02:46:31.047470,0.445,0.555,1.0
2025-12-11T02:46:31.645845,0.455,0.545,1.0
2025-12-11T02:46:32.265608,0.475,0.525,1.0
2025-12-11T02:46:32.881005,0.475,0.52,0.995
2025-12-11T02:46:33.493635,0.485,0.515,1.0
2025-12-11T02:46:34.110948,0.485,0.515,1.0
2025-12-11T02:46:34.725445,0.49,0.505,0.995
2025-12-11T02:46:35.324603,0.495,0.505,1.0
2025-12-11T02:46:35.930555,0.495,0.505,1.0
2025-12-11T02:46:36.540296,0.505,0.495,1.0
2025-12-11T02:46:37.154439,0.52,0.475,0.995
2025-12-11T02:46:37.777084,0.525,0.475,1.0
2025-12-11T02:46:38.387443,0.515,0.485,1.0
2025-12-11T02:46:38.989564,0.52,0.48,1.0
2025-12-11T02:46:39.609084,0.52,0.48,1.0
2025-12-11T02:46:40.210524,0.52,0.48,1.0
2025-12-11T02:46:40.823055,0.515,0.485,1.0
2025-12-11T02:46:41.436432,0.51,0.49,1.0
2025-12-11T02:46:42.046091,0.51,0.49,1.0
2025-12-11T02:46:42.657481,0.515,0.485,1.0
2025-12-11T02:46:43.270225,0.525,0.475,1.0
2025-12-11T02:46:43.889278,0.535,0.465,1.0
2025-12-11T02:46:44.495503,0.535,0.465,1.0
2025-12-11T02:46:45.106897,0.54,0.46,1.0
2025-12-11T02:46:45.714422,0.54,0.46,1.0
2025-12-11T02:46:46.312406,0.54,0.46,1.0
2025-12-11T02:46:46.965624,0.535,0.465,1.0
2025-12-11T02:46:47.585022,0.535,0.465,1.0
2025-12-11T02:46:48.192955,0.535,0.465,1.0
2025-12-11T02:46:48.814905,0.535,0.465,1.0
2025-12-11T02:46:49.425985,0.535,0.465,1.0
2025-12-11T02:46:50.034760,0.535,0.465,1.0
2025-12-11T02:46:50.632600,0.54,0.46,1.0
2025-12-11T02:46:51.230306,0.535,0.465,1.0
2025-12-11T02:46:51.839843,0.53,0.47,1.0
2025-12-11T02:46:52.453160,0.53,0.47,1.0
2025-12-11T02:46:53.081153,0.53,0.465,0.9950000000000001
2025-12-11T02:46:53.692100,0.535,0.465,1.0
2025-12-11T02:46:54.300625,0.535,0.47,1.005
2025-12-11T02:46:54.906834,0.515,0.485,1.0
2025-12-11T02:46:55.532628,0.525,0.475,1.0
2025-12-11T02:46:54.547805,0.525,0.475,1.0
2025-12-11T02:46:55.159478,0.525,0.475,1.0
2025-12-11T02:46:55.774055,0.535,0.465,1.0
2025-12-11T02:46:56.385164,0.535,0.465,1.0
2025-12-11T02:46:56.993017,0.525,0.475,1.0
2025-12-11T02:46:57.598968,0.515,0.485,1.0
2025-12-11T02:46:58.214945,0.505,0.495,1.0
2025-12-11T02:46:58.837263,0.515,0.485,1.0
2025-12-11T02:46:59.442584,0.505,0.5,1.005
2025-12-11T02:47:00.052088,0.495,0.505,1.0
2025-12-11T02:47:00.670217,0.495,0.505,1.0
2025-12-11T02:47:01.269198,0.495,0.505,1.0
2025-12-11T02:47:01.877289,0.495,0.505,1.0
2025-12-11T02:47:02.482309,0.505,0.495,1.0
2025-12-11T02:47:03.100905,0.5,0.505,1.005
2025-12-11T02:47:03.702856,0.49,0.51,1.0
2025-12-11T02:47:04.364468,0.475,0.525,1.0
2025-12-11T02:47:04.988033,0.475,0.525,1.0
2025-12-11T02:47:05.596283,0.475,0.525,1.0
2025-12-11T02:47:06.209384,0.465,0.535,1.0
2025-12-11T02:47:06.818700,0.475,0.52,0.995
2025-12-11T02:47:07.433405,0.485,0.515,1.0
2025-12-11T02:47:08.037044,0.485,0.515,1.0
2025-12-11T02:47:08.650255,0.485,0.515,1.0
2025-12-11T02:47:09.252633,0.495,0.505,1.0
2025-12-11T02:47:09.860877,0.515,0.485,1.0
2025-12-11T02:47:10.476294,0.515,0.485,1.0
2025-12-11T02:47:11.086631,0.505,0.495,1.0
2025-12-11T02:47:11.706849,0.5,0.5,1.0
2025-12-11T02:47:12.317178,0.495,0.505,1.0
2025-12-11T02:47:12.928759,0.505,0.495,1.0
2025-12-11T02:47:13.542401,0.505,0.495,1.0
2025-12-11T02:47:14.149976,0.5,0.5,1.0
2025-12-11T02:47:14.767337,0.5,0.5,1.0
2025-12-11T02:47:15.373548,0.5,0.5,1.0
2025-12-11T02:47:15.982166,0.505,0.495,1.0
2025-12-11T02:47:16.598251,0.51,0.49,1.0
2025-12-11T02:47:17.207418,0.505,0.495,1.0
2025-12-11T02:47:17.826847,0.5,0.5,1.0
2025-12-11T02:47:18.455127,0.495,0.505,1.0
2025-12-11T02:47:19.066578,0.49,0.51,1.0
2025-12-11T02:47:19.676938,0.495,0.505,1.0
2025-12-11T02:47:20.289565,0.475,0.525,1.0
2025-12-11T02:47:20.901386,0.465,0.535,1.0
2025-12-11T02:47:21.512680,0.465,0.535,1.0
2025-12-11T02:47:22.123901,0.465,0.535,1.0
2025-12-11T02:47:22.735283,0.465,0.535,1.0
2025-12-11T02:47:23.348782,0.465,0.535,1.0
2025-12-11T02:47:23.976960,0.465,0.535,1.0
2025-12-11T02:47:24.594794,0.465,0.535,1.0
2025-12-11T02:47:25.205989,0.465,0.535,1.0
2025-12-11T02:47:25.816152,0.46,0.54,1.0
2025-12-11T02:47:26.443006,0.465,0.535,1.0
2025-12-11T02:47:25.442820,0.46,0.54,1.0
2025-12-11T02:47:26.051865,0.46,0.54,1.0
2025-12-11T02:47:26.665000,0.465,0.535,1.0
2025-12-11T02:47:27.285604,0.465,0.535,1.0
2025-12-11T02:47:27.893593,0.465,0.535,1.0
2025-12-11T02:47:28.524214,0.465,0.535,1.0
2025-12-11T02:47:29.141531,0.475,0.525,1.0
2025-12-11T02:47:29.750163,0.475,0.535,1.01
2025-12-11T02:47:30.357699,0.465,0.535,1.0
2025-12-11T02:47:30.971561,0.46,0.54,1.0
2025-12-11T02:47:31.582642,0.455,0.545,1.0
2025-12-11T02:47:32.196999,0.455,0.545,1.0
2025-12-11T02:47:32.810534,0.455,0.545,1.0
2025-12-11T02:47:33.425946,0.455,0.545,1.0
2025-12-11T02:47:34.034087,0.455,0.545,1.0
2025-12-11T02:47:34.651222,0.46,0.54,1.0
2025-12-11T02:47:35.266291,0.46,0.54,1.0
2025-12-11T02:47:35.870161,0.465,0.535,1.0
2025-12-11T02:47:36.482796,0.465,0.535,1.0
2025-12-11T02:47:37.090652,0.465,0.535,1.0
2025-12-11T02:47:37.704483,0.465,0.535,1.0
2025-12-11T02:47:38.313635,0.465,0.535,1.0
2025-12-11T02:47:38.926850,0.475,0.525,1.0
2025-12-11T02:47:39.532642,0.475,0.525,1.0
2025-12-11T02:47:40.145481,0.475,0.525,1.0
2025-12-11T02:47:40.758060,0.47,0.53,1.0
2025-12-11T02:47:41.373580,0.465,0.535,1.0
2025-12-11T02:47:41.988072,0.47,0.525,0.995
2025-12-11T02:47:42.594614,0.475,0.525,1.0
2025-12-11T02:47:43.205579,0.475,0.525,1.0
2025-12-11T02:47:43.810800,0.485,0.515,1.0
2025-12-11T02:47:44.417471,0.495,0.505,1.0
2025-12-11T02:47:45.029050,0.49,0.51,1.0
2025-12-11T02:47:45.641673,0.485,0.515,1.0
2025-12-11T02:47:46.256451,0.485,0.515,1.0
2025-12-11T02:47:46.863679,0.485,0.515,1.0
2025-12-11T02:47:47.473959,0.475,0.525,1.0
2025-12-11T02:47:48.089256,0.47,0.525,0.995
2025-12-11T02:47:48.702995,0.475,0.525,1.0
2025-12-11T02:47:49.314215,0.475,0.525,1.0
2025-12-11T02:47:49.924969,0.485,0.515,1.0
2025-12-11T02:47:50.537964,0.485,0.515,1.0
2025-12-11T02:47:51.151255,0.485,0.515,1.0
2025-12-11T02:47:51.758764,0.485,0.515,1.0
2025-12-11T02:47:52.386674,0.485,0.515,1.0
2025-12-11T02:47:53.010569,0.475,0.525,1.0
2025-12-11T02:47:53.623561,0.475,0.535,1.01
2025-12-11T02:47:54.241460,0.465,0.535,1.0
2025-12-11T02:47:54.851664,0.455,0.545,1.0
2025-12-11T02:47:55.459754,0.455,0.54,0.9950000000000001
2025-12-11T02:47:56.071050,0.47,0.53,1.0
2025-12-11T02:47:56.690762,0.475,0.525,1.0
2025-12-11T02:47:57.300303,0.475,0.525,1.0
2025-12-11T02:47:56.313802,0.475,0.525,1.0
2025-12-11T02:47:56.929703,0.475,0.525,1.0
2025-12-11T02:47:57.540903,0.465,0.535,1.0
2025-12-11T02:47:58.151744,0.465,0.535,1.0
2025-12-11T02:47:58.763405,0.465,0.535,1.0
2025-12-11T02:47:59.371372,0.47,0.53,1.0
2025-12-11T02:47:59.986548,0.475,0.525,1.0
2025-12-11T02:48:00.601795,0.49,0.51,1.0
2025-12-11T02:48:01.214313,0.485,0.515,1.0
2025-12-11T02:48:01.866690,0.47,0.53,1.0
2025-12-11T02:48:02.481319,0.455,0.545,1.0
2025-12-11T02:48:03.110624,0.435,0.565,1.0
2025-12-11T02:48:03.735535,0.43,0.57,1.0
2025-12-11T02:48:04.349010,0.435,0.565,1.0
2025-12-11T02:48:04.964550,0.44,0.56,1.0
2025-12-11T02:48:05.621780,0.44,0.56,1.0
2025-12-11T02:48:06.228143,0.405,0.595,1.0
2025-12-11T02:48:06.849525,0.405,0.595,1.0
2025-12-11T02:48:07.465027,0.395,0.605,1.0
2025-12-11T02:48:08.080495,0.4,0.6,1.0
2025-12-11T02:48:08.708653,0.405,0.595,1.0
2025-12-11T02:48:09.331137,0.4,0.6,1.0
2025-12-11T02:48:09.956989,0.4,0.6,1.0
2025-12-11T02:48:10.567840,0.405,0.595,1.0
2025-12-11T02:48:11.180820,0.405,0.595,1.0
2025-12-11T02:48:11.793130,0.395,0.605,1.0
2025-12-11T02:48:12.407065,0.395,0.605,1.0
2025-12-11T02:48:13.018705,0.385,0.615,1.0
2025-12-11T02:48:13.628569,0.395,0.605,1.0
2025-12-11T02:48:14.236092,0.395,0.605,1.0
2025-12-11T02:48:14.846022,0.395,0.605,1.0
2025-12-11T02:48:15.455112,0.395,0.605,1.0
2025-12-11T02:48:16.066596,0.395,0.605,1.0
2025-12-11T02:48:16.679341,0.405,0.595,1.0
2025-12-11T02:48:17.296705,0.405,0.595,1.0
2025-12-11T02:48:17.908177,0.405,0.6,1.005
2025-12-11T02:48:18.521520,0.395,0.61,1.005
2025-12-11T02:48:19.131741,0.395,0.605,1.0
2025-12-11T02:48:19.741742,0.4,0.6,1.0
2025-12-11T02:48:20.357885,0.405,0.595,1.0
2025-12-11T02:48:20.970758,0.405,0.595,1.0
2025-12-11T02:48:21.598045,0.405,0.595,1.0
2025-12-11T02:48:22.202467,0.395,0.605,1.0
2025-12-11T02:48:22.823649,0.395,0.605,1.0
2025-12-11T02:48:23.442559,0.395,0.605,1.0
2025-12-11T02:48:24.054726,0.4,0.6,1.0
2025-12-11T02:48:24.660830,0.395,0.605,1.0
2025-12-11T02:48:25.274296,0.4,0.6,1.0
2025-12-11T02:48:25.888470,0.4,0.6,1.0
2025-12-11T02:48:26.481594,0.4,0.6,1.0
2025-12-11T02:48:27.092944,0.395,0.605,1.0
2025-12-11T02:48:27.712676,0.4,0.6,1.0
2025-12-11T02:48:26.721537,0.405,0.595,1.0
2025-12-11T02:48:27.338505,0.405,0.595,1.0
2025-12-11T02:48:27.934938,0.405,0.595,1.0
2025-12-11T02:48:28.546785,0.41,0.59,1.0
2025-12-11T02:48:29.152692,0.405,0.595,1.0
2025-12-11T02:48:29.762679,0.415,0.585,1.0
2025-12-11T02:48:30.374089,0.425,0.575,1.0
2025-12-11T02:48:30.975107,0.43,0.57,1.0
2025-12-11T02:48:31.585713,0.43,0.57,1.0
2025-12-11T02:48:32.207532,0.425,0.575,1.0
2025-12-11T02:48:32.816623,0.425,0.575,1.0
2025-12-11T02:48:33.428630,0.425,0.575,1.0
2025-12-11T02:48:34.030292,0.425,0.575,1.0
2025-12-11T02:48:34.638404,0.425,0.575,1.0
2025-12-11T02:48:35.238381,0.415,0.585,1.0
2025-12-11T02:48:35.848105,0.395,0.605,1.0
2025-12-11T02:48:36.450121,0.395,0.605,1.0
2025-12-11T02:48:37.061853,0.405,0.595,1.0
2025-12-11T02:48:37.669539,0.415,0.585,1.0
2025-12-11T02:48:38.286825,0.415,0.585,1.0
2025-12-11T02:48:38.896343,0.415,0.585,1.0
2025-12-11T02:48:39.500014,0.41,0.59,1.0
2025-12-11T02:48:40.114748,0.405,0.595,1.0
2025-12-11T02:48:40.728847,0.405,0.595,1.0
2025-12-11T02:48:41.338417,0.405,0.595,1.0
2025-12-11T02:48:41.935541,0.405,0.595,1.0
2025-12-11T02:48:42.543132,0.415,0.585,1.0
2025-12-11T02:48:43.151617,0.415,0.585,1.0
2025-12-11T02:48:43.752314,0.415,0.585,1.0
2025-12-11T02:48:44.376145,0.405,0.595,1.0
2025-12-11T02:48:44.977923,0.405,0.595,1.0
2025-12-11T02:48:45.597630,0.405,0.595,1.0
2025-12-11T02:48:46.206134,0.405,0.595,1.0
2025-12-11T02:48:46.817687,0.4,0.6,1.0
2025-12-11T02:48:47.430230,0.4,0.6,1.0
2025-12-11T02:48:48.032081,0.405,0.6,1.005
2025-12-11T02:48:48.646894,0.395,0.605,1.0
2025-12-11T02:48:49.259802,0.385,0.615,1.0
2025-12-11T02:48:49.857445,0.385,0.615,1.0
2025-12-11T02:48:50.464143,0.385,0.615,1.0
2025-12-11T02:48:51.064762,0.385,0.615,1.0
2025-12-11T02:48:51.675093,0.385,0.615,1.0
2025-12-11T02:48:52.293498,0.385,0.615,1.0
2025-12-11T02:48:52.915303,0.39,0.61,1.0
2025-12-11T02:48:53.527793,0.39,0.61,1.0
2025-12-11T02:48:54.144952,0.395,0.605,1.0
2025-12-11T02:48:54.757180,0.395,0.605,1.0
2025-12-11T02:48:55.377409,0.39,0.61,1.0
2025-12-11T02:48:55.975605,0.39,0.61,1.0
2025-12-11T02:48:56.583219,0.385,0.615,1.0
2025-12-11T02:48:57.190527,0.385,0.615,1.0
2025-12-11T02:48:57.792960,0.395,0.605,1.0
2025-12-11T02:48:58.401898,0.395,0.605,1.0
2025-12-11T02:48:57.413001,0.395,0.605,1.0
2025-12-11T02:48:58.024899,0.395,0.605,1.0
2025-12-11T02:48:58.617508,0.395,0.605,1.0
2025-12-11T02:48:59.235976,0.395,0.605,1.0
2025-12-11T02:48:59.846444,0.395,0.605,1.0
2025-12-11T02:49:00.457937,0.395,0.605,1.0
2025-12-11T02:49:01.086067,0.395,0.605,1.0
2025-12-11T02:49:01.702416,0.395,0.605,1.0
2025-12-11T02:49:02.316939,0.385,0.615,1.0
2025-12-11T02:49:02.917213,0.365,0.635,1.0
2025-12-11T02:49:03.511889,0.365,0.635,1.0
2025-12-11T02:49:04.120754,0.355,0.645,1.0
2025-12-11T02:49:04.733267,0.355,0.645,1.0
2025-12-11T02:49:05.345537,0.355,0.645,1.0
2025-12-11T02:49:05.958303,0.355,0.645,1.0
2025-12-11T02:49:06.563971,0.355,0.645,1.0
2025-12-11T02:49:07.165188,0.355,0.645,1.0
2025-12-11T02:49:07.782282,0.355,0.645,1.0
2025-12-11T02:49:08.391473,0.355,0.645,1.0
2025-12-11T02:49:08.989421,0.355,0.645,1.0
2025-12-11T02:49:09.598194,0.355,0.645,1.0
2025-12-11T02:49:10.209633,0.355,0.645,1.0
2025-12-11T02:49:10.825277,0.355,0.645,1.0
2025-12-11T02:49:11.445102,0.355,0.645,1.0
2025-12-11T02:49:12.057386,0.355,0.645,1.0
2025-12-11T02:49:12.661428,0.355,0.645,1.0
2025-12-11T02:49:13.276737,0.355,0.645,1.0
2025-12-11T02:49:13.896061,0.355,0.645,1.0
2025-12-11T02:49:14.508551,0.355,0.645,1.0
2025-12-11T02:49:15.125979,0.355,0.645,1.0
2025-12-11T02:49:15.737380,0.345,0.655,1.0
2025-12-11T02:49:16.349272,0.345,0.655,1.0
2025-12-11T02:49:16.961589,0.345,0.655,1.0
2025-12-11T02:49:17.575316,0.345,0.655,1.0
2025-12-11T02:49:18.191858,0.335,0.665,1.0
2025-12-11T02:49:18.810656,0.335,0.665,1.0
2025-12-11T02:49:19.421276,0.305,0.695,1.0
2025-12-11T02:49:20.037589,0.305,0.695,1.0
2025-12-11T02:49:20.646169,0.305,0.695,1.0
2025-12-11T02:49:21.266763,0.305,0.705,1.01
2025-12-11T02:49:21.887509,0.295,0.705,1.0
2025-12-11T02:49:22.497838,0.285,0.715,1.0
2025-12-11T02:49:23.099050,0.285,0.715,1.0
2025-12-11T02:49:23.717252,0.285,0.715,1.0
2025-12-11T02:49:24.331913,0.29,0.71,1.0
2025-12-11T02:49:24.940147,0.3,0.695,0.9949999999999999
2025-12-11T02:49:25.557975,0.305,0.695,1.0
2025-12-11T02:49:26.168052,0.29,0.715,1.005
2025-12-11T02:49:26.775858,0.29,0.715,1.005
2025-12-11T02:49:27.382721,0.29,0.715,1.005
2025-12-11T02:49:27.985196,0.285,0.715,1.0
2025-12-11T02:49:28.586557,0.285,0.715,1.0
2025-12-11T02:49:29.230252,0.295,0.705,1.0
2025-12-11T02:49:28.227446,0.295,0.705,1.0
2025-12-11T02:49:28.836775,0.295,0.705,1.0
2025-12-11T02:49:29.445829,0.295,0.705,1.0
2025-12-11T02:49:30.056285,0.285,0.715,1.0
2025-12-11T02:49:30.671263,0.285,0.715,1.0
2025-12-11T02:49:31.279690,0.285,0.715,1.0
2025-12-11T02:49:31.891214,0.285,0.715,1.0
2025-12-11T02:49:32.504520,0.285,0.715,1.0
2025-12-11T02:49:33.115910,0.285,0.715,1.0
2025-12-11T02:49:33.734479,0.285,0.715,1.0
2025-12-11T02:49:34.355659,0.295,0.705,1.0
2025-12-11T02:49:34.969402,0.315,0.685,1.0
2025-12-11T02:49:35.577664,0.315,0.685,1.0
2025-12-11T02:49:36.196985,0.315,0.685,1.0
2025-12-11T02:49:36.809553,0.305,0.7,1.005
2025-12-11T02:49:37.419069,0.305,0.7,1.005
2025-12-11T02:49:38.028373,0.295,0.705,1.0
2025-12-11T02:49:38.637437,0.295,0.705,1.0
2025-12-11T02:49:39.248829,0.295,0.705,1.0
2025-12-11T02:49:39.859148,0.295,0.705,1.0
2025-12-11T02:49:40.467318,0.295,0.705,1.0
2025-12-11T02:49:41.078107,0.3,0.7,1.0
2025-12-11T02:49:41.688888,0.305,0.695,1.0
2025-12-11T02:49:42.285369,0.29,0.71,1.0
2025-12-11T02:49:42.897672,0.295,0.705,1.0
2025-12-11T02:49:43.512010,0.295,0.705,1.0
2025-12-11T02:49:44.137151,0.295,0.705,1.0
2025-12-11T02:49:44.753176,0.295,0.705,1.0
2025-12-11T02:49:45.351568,0.295,0.705,1.0
2025-12-11T02:49:45.971674,0.295,0.705,1.0
2025-12-11T02:49:46.584169,0.29,0.71,1.0
2025-12-11T02:49:47.184804,0.3,0.7,1.0
2025-12-11T02:49:47.797000,0.305,0.695,1.0
2025-12-11T02:49:48.407835,0.285,0.715,1.0
2025-12-11T02:49:49.019231,0.285,0.715,1.0
2025-12-11T02:49:49.625229,0.275,0.725,1.0
2025-12-11T02:49:50.227942,0.265,0.735,1.0
2025-12-11T02:49:50.836592,0.265,0.735,1.0
2025-12-11T02:49:51.436841,0.265,0.735,1.0
2025-12-11T02:49:52.050689,0.265,0.735,1.0
2025-12-11T02:49:52.655840,0.265,0.735,1.0
2025-12-11T02:49:53.268593,0.265,0.735,1.0
2025-12-11T02:49:53.875904,0.265,0.735,1.0
2025-12-11T02:49:54.477857,0.265,0.735,1.0
2025-12-11T02:49:55.111547,0.265,0.735,1.0
2025-12-11T02:49:55.725703,0.265,0.735,1.0
2025-12-11T02:49:56.332368,0.26,0.74,1.0
2025-12-11T02:49:56.940794,0.255,0.745,1.0
2025-12-11T02:49:57.540249,0.255,0.745,1.0
2025-12-11T02:49:58.141050,0.255,0.745,1.0
2025-12-11T02:49:58.758122,0.265,0.735,1.0
2025-12-11T02:49:59.366912,0.265,0.735,1.0
2025-12-11T02:49:59.978041,0.265,0.735,1.0
2025-12-11T02:49:58.991143,0.265,0.735,1.0
2025-12-11T02:49:59.588561,0.265,0.735,1.0
2025-12-11T02:50:00.191630,0.255,0.745,1.0
2025-12-11T02:50:00.801228,0.255,0.745,1.0
2025-12-11T02:50:01.415405,0.255,0.745,1.0
2025-12-11T02:50:02.031040,0.245,0.755,1.0
2025-12-11T02:50:02.638655,0.235,0.765,1.0
2025-12-11T02:50:03.243126,0.235,0.765,1.0
2025-12-11T02:50:03.850684,0.245,0.755,1.0
2025-12-11T02:50:04.506260,0.245,0.755,1.0
2025-12-11T02:50:05.118349,0.245,0.755,1.0
2025-12-11T02:50:05.731057,0.245,0.755,1.0
2025-12-11T02:50:06.329475,0.24,0.76,1.0
2025-12-11T02:50:06.926583,0.235,0.765,1.0
2025-12-11T02:50:07.539527,0.235,0.765,1.0
2025-12-11T02:50:08.151990,0.245,0.755,1.0
2025-12-11T02:50:08.780663,0.245,0.755,1.0
2025-12-11T02:50:09.386677,0.245,0.755,1.0
2025-12-11T02:50:10.002606,0.245,0.755,1.0
2025-12-11T02:50:10.611026,0.245,0.755,1.0
2025-12-11T02:50:11.216766,0.245,0.755,1.0
2025-12-11T02:50:11.826940,0.255,0.745,1.0
2025-12-11T02:50:12.441393,0.275,0.725,1.0
2025-12-11T02:50:13.056603,0.275,0.725,1.0
2025-12-11T02:50:13.666424,0.275,0.725,1.0
2025-12-11T02:50:14.280417,0.275,0.725,1.0
2025-12-11T02:50:14.891323,0.275,0.725,1.0
2025-12-11T02:50:15.491343,0.275,0.725,1.0
2025-12-11T02:50:16.102449,0.265,0.735,1.0
2025-12-11T02:50:16.730211,0.27,0.73,1.0
2025-12-11T02:50:17.346889,0.27,0.73,1.0
2025-12-11T02:50:17.954561,0.27,0.73,1.0
2025-12-11T02:50:18.570579,0.28,0.72,1.0
2025-12-11T02:50:19.183516,0.28,0.72,1.0
2025-12-11T02:50:19.801376,0.285,0.715,1.0
2025-12-11T02:50:20.407536,0.275,0.725,1.0
2025-12-11T02:50:21.011064,0.275,0.725,1.0
2025-12-11T02:50:21.613877,0.275,0.725,1.0
2025-12-11T02:50:22.227519,0.275,0.725,1.0
2025-12-11T02:50:22.832791,0.275,0.725,1.0
2025-12-11T02:50:23.450950,0.275,0.725,1.0
2025-12-11T02:50:24.063003,0.275,0.725,1.0
2025-12-11T02:50:24.675866,0.275,0.725,1.0
2025-12-11T02:50:25.304022,0.275,0.725,1.0
2025-12-11T02:50:25.919131,0.265,0.735,1.0
2025-12-11T02:50:26.522942,0.265,0.745,1.01
2025-12-11T02:50:27.125757,0.26,0.74,1.0
2025-12-11T02:50:27.734407,0.255,0.74,0.995
2025-12-11T02:50:28.349326,0.26,0.74,1.0
2025-12-11T02:50:28.957870,0.26,0.74,1.0
2025-12-11T02:50:29.574399,0.26,0.74,1.0
2025-12-11T02:50:30.187096,0.26,0.745,1.005
2025-12-11T02:50:29.181517,0.24,0.765,1.005
2025-12-11T02:50:29.801480,0.225,0.775,1.0
2025-12-11T02:50:30.404833,0.22,0.78,1.0
2025-12-11T02:50:31.018319,0.215,0.785,1.0
2025-12-11T02:50:31.632395,0.215,0.785,1.0
2025-12-11T02:50:32.245364,0.215,0.785,1.0
2025-12-11T02:50:32.856717,0.215,0.785,1.0
2025-12-11T02:50:33.464021,0.215,0.785,1.0
2025-12-11T02:50:34.063430,0.225,0.775,1.0
2025-12-11T02:50:34.673035,0.225,0.775,1.0
2025-12-11T02:50:35.283248,0.225,0.775,1.0
2025-12-11T02:50:35.882251,0.225,0.775,1.0
2025-12-11T02:50:36.491900,0.225,0.775,1.0
2025-12-11T02:50:37.101266,0.255,0.745,1.0
2025-12-11T02:50:37.715628,0.255,0.745,1.0
2025-12-11T02:50:38.331759,0.255,0.745,1.0
2025-12-11T02:50:38.928836,0.255,0.745,1.0
2025-12-11T02:50:39.542768,0.25,0.75,1.0
2025-12-11T02:50:40.147487,0.245,0.755,1.0
2025-12-11T02:50:40.754842,0.245,0.755,1.0
2025-12-11T02:50:41.368409,0.235,0.765,1.0
2025-12-11T02:50:41.985139,0.225,0.775,1.0
2025-12-11T02:50:42.605644,0.225,0.775,1.0
2025-12-11T02:50:43.216921,0.225,0.775,1.0
2025-12-11T02:50:43.810168,0.225,0.775,1.0
2025-12-11T02:50:44.420171,0.215,0.785,1.0
2025-12-11T02:50:45.018784,0.205,0.795,1.0
2025-12-11T02:50:45.614484,0.205,0.795,1.0
2025-12-11T02:50:46.206221,0.205,0.795,1.0
2025-12-11T02:50:46.818594,0.205,0.795,1.0
2025-12-11T02:50:47.442877,0.205,0.795,1.0
2025-12-11T02:50:48.049807,0.195,0.805,1.0
2025-12-11T02:50:48.652146,0.195,0.805,1.0
2025-12-11T02:50:49.253373,0.195,0.805,1.0
2025-12-11T02:50:49.879083,0.195,0.8,0.9950000000000001
2025-12-11T02:50:50.482923,0.205,0.795,1.0
2025-12-11T02:50:51.097522,0.195,0.805,1.0
2025-12-11T02:50:51.712367,0.195,0.805,1.0
2025-12-11T02:50:52.325175,0.195,0.805,1.0
2025-12-11T02:50:52.961646,0.195,0.805,1.0
2025-12-11T02:50:53.565833,0.195,0.805,1.0
2025-12-11T02:50:54.185396,0.185,0.815,1.0
2025-12-11T02:50:54.785238,0.175,0.825,1.0
2025-12-11T02:50:55.387508,0.175,0.825,1.0
2025-12-11T02:50:56.000197,0.175,0.825,1.0
2025-12-11T02:50:56.615567,0.175,0.825,1.0
2025-12-11T02:50:57.229964,0.175,0.825,1.0
2025-12-11T02:50:57.848847,0.175,0.825,1.0
2025-12-11T02:50:58.463637,0.175,0.825,1.0
2025-12-11T02:50:59.082678,0.175,0.825,1.0
2025-12-11T02:50:59.699121,0.155,0.845,1.0
2025-12-11T02:51:00.308604,0.155,0.845,1.0
2025-12-11T02:51:00.908098,0.155,0.845,1.0
2025-12-11T02:50:59.918729,0.155,0.845,1.0
2025-12-11T02:51:00.527497,0.155,0.845,1.0
2025-12-11T02:51:01.145203,0.165,0.835,1.0
2025-12-11T02:51:01.750589,0.165,0.825,0.99
2025-12-11T02:51:02.359351,0.17,0.83,1.0
2025-12-11T02:51:02.971888,0.175,0.825,1.0
2025-12-11T02:51:03.574419,0.175,0.825,1.0
2025-12-11T02:51:04.186058,0.175,0.825,1.0
2025-12-11T02:51:04.794540,0.175,0.825,1.0
2025-12-11T02:51:05.403450,0.175,0.825,1.0
2025-12-11T02:51:06.003595,0.185,0.815,1.0
2025-12-11T02:51:06.611989,0.185,0.815,1.0
2025-12-11T02:51:07.221973,0.195,0.805,1.0
2025-12-11T02:51:07.834645,0.195,0.805,1.0
2025-12-11T02:51:08.450003,0.195,0.805,1.0
2025-12-11T02:51:09.060117,0.195,0.805,1.0
2025-12-11T02:51:09.658657,0.195,0.805,1.0
2025-12-11T02:51:10.275972,0.195,0.805,1.0
2025-12-11T02:51:10.889968,0.195,0.805,1.0
2025-12-11T02:51:11.503108,0.185,0.815,1.0
2025-12-11T02:51:12.113428,0.185,0.815,1.0
2025-12-11T02:51:12.729686,0.195,0.805,1.0
2025-12-11T02:51:13.330577,0.195,0.805,1.0
2025-12-11T02:51:13.941267,0.185,0.815,1.0
2025-12-11T02:51:14.547978,0.185,0.815,1.0
2025-12-11T02:51:15.160163,0.185,0.815,1.0
2025-12-11T02:51:15.770965,0.185,0.815,1.0
2025-12-11T02:51:16.388410,0.185,0.815,1.0
2025-12-11T02:51:17.005120,0.185,0.815,1.0
2025-12-11T02:51:17.629605,0.185,0.815,1.0
2025-12-11T02:51:18.225061,0.19,0.81,1.0
2025-12-11T02:51:18.831116,0.19,0.815,1.005
2025-12-11T02:51:19.445839,0.175,0.825,1.0
2025-12-11T02:51:20.051808,0.17,0.83,1.0
2025-12-11T02:51:20.701555,0.17,0.83,1.0
2025-12-11T02:51:21.313111,0.175,0.825,1.0
2025-12-11T02:51:21.929700,0.175,0.825,1.0
2025-12-11T02:51:22.539763,0.185,0.815,1.0
2025-12-11T02:51:23.141216,0.185,0.815,1.0
2025-12-11T02:51:23.740219,0.185,0.815,1.0
2025-12-11T02:51:24.354722,0.165,0.835,1.0
2025-12-11T02:51:24.969985,0.165,0.835,1.0
2025-12-11T02:51:25.586277,0.16,0.83,0.99
2025-12-11T02:51:26.208826,0.17,0.825,0.995
2025-12-11T02:51:26.826110,0.18,0.815,0.9949999999999999
2025-12-11T02:51:27.423109,0.18,0.82,1.0
2025-12-11T02:51:28.028933,0.18,0.82,1.0
2025-12-11T02:51:28.650733,0.185,0.815,1.0
2025-12-11T02:51:29.267020,0.185,0.815,1.0
2025-12-11T02:51:29.880070,0.185,0.815,1.0
2025-12-11T02:51:30.506585,0.185,0.815,1.0
2025-12-11T02:51:31.113204,0.165,0.835,1.0
2025-12-11T02:51:31.729771,0.17,0.83,1.0
2025-12-11T02:51:30.735401,0.17,0.83,1.0
2025-12-11T02:51:31.354706,0.17,0.83,1.0
2025-12-11T02:51:31.969622,0.17,0.83,1.0
2025-12-11T02:51:32.575410,0.17,0.83,1.0
2025-12-11T02:51:33.181872,0.165,0.835,1.0
2025-12-11T02:51:33.784219,0.165,0.835,1.0
2025-12-11T02:51:34.395175,0.16,0.84,1.0
2025-12-11T02:51:35.001417,0.155,0.845,1.0
2025-12-11T02:51:35.594316,0.165,0.835,1.0
2025-12-11T02:51:36.200705,0.165,0.835,1.0
2025-12-11T02:51:36.808426,0.165,0.835,1.0
2025-12-11T02:51:37.412009,0.165,0.835,1.0
2025-12-11T02:51:38.015202,0.165,0.835,1.0
2025-12-11T02:51:38.621672,0.17,0.83,1.0
2025-12-11T02:51:39.225718,0.16,0.84,1.0
2025-12-11T02:51:39.831461,0.16,0.84,1.0
2025-12-11T02:51:40.433544,0.16,0.84,1.0
2025-12-11T02:51:41.034805,0.16,0.84,1.0
2025-12-11T02:51:41.642665,0.165,0.835,1.0
2025-12-11T02:51:42.247263,0.155,0.845,1.0
2025-12-11T02:51:42.854881,0.16,0.84,1.0
2025-12-11T02:51:43.447816,0.165,0.835,1.0
2025-12-11T02:51:44.050960,0.165,0.835,1.0
2025-12-11T02:51:44.658570,0.155,0.845,1.0
2025-12-11T02:51:45.269116,0.155,0.845,1.0
2025-12-11T02:51:45.873896,0.155,0.845,1.0
2025-12-11T02:51:46.477141,0.155,0.845,1.0
2025-12-11T02:51:47.084051,0.155,0.845,1.0
2025-12-11T02:51:47.695080,0.155,0.845,1.0
2025-12-11T02:51:48.298964,0.155,0.845,1.0
2025-12-11T02:51:48.908543,0.165,0.835,1.0
2025-12-11T02:51:49.518657,0.165,0.835,1.0
2025-12-11T02:51:50.116678,0.16,0.84,1.0
2025-12-11T02:51:50.735379,0.155,0.845,1.0
2025-12-11T02:51:51.345583,0.155,0.845,1.0
2025-12-11T02:51:51.958262,0.155,0.845,1.0
2025-12-11T02:51:52.567094,0.155,0.845,1.0
2025-12-11T02:51:53.181009,0.175,0.825,1.0
2025-12-11T02:51:53.782955,0.175,0.825,1.0
2025-12-11T02:51:54.385073,0.175,0.825,1.0
2025-12-11T02:51:54.996629,0.175,0.825,1.0
2025-12-11T02:51:55.591198,0.175,0.825,1.0
2025-12-11T02:51:56.201874,0.18,0.82,1.0
2025-12-11T02:51:56.807987,0.18,0.82,1.0
2025-12-11T02:51:57.429719,0.18,0.82,1.0
2025-12-11T02:51:58.039387,0.18,0.82,1.0
2025-12-11T02:51:58.640921,0.18,0.82,1.0
2025-12-11T02:51:59.252776,0.175,0.825,1.0
2025-12-11T02:51:59.866383,0.175,0.825,1.0
2025-12-11T02:52:00.477281,0.175,0.825,1.0
2025-12-11T02:52:01.088796,0.17,0.83,1.0
2025-12-11T02:52:01.703237,0.165,0.83,0.995
2025-12-11T02:52:02.373056,0.175,0.825,1.0
2025-12-11T02:52:01.409448,0.185,0.815,1.0
2025-12-11T02:52:02.018524,0.195,0.805,1.0
2025-12-11T02:52:02.621026,0.185,0.82,1.005
2025-12-11T02:52:03.218684,0.165,0.835,1.0
2025-12-11T02:52:03.838283,0.165,0.835,1.0
2025-12-11T02:52:04.454245,0.165,0.835,1.0
2025-12-11T02:52:05.049257,0.165,0.835,1.0
2025-12-11T02:52:05.650620,0.165,0.835,1.0
2025-12-11T02:52:06.273648,0.165,0.835,1.0
2025-12-11T02:52:06.893439,0.165,0.835,1.0
2025-12-11T02:52:07.506356,0.165,0.835,1.0
2025-12-11T02:52:08.107018,0.165,0.835,1.0
2025-12-11T02:52:08.705628,0.155,0.845,1.0
2025-12-11T02:52:09.311750,0.165,0.835,1.0
2025-12-11T02:52:09.928823,0.165,0.835,1.0
2025-12-11T02:52:10.558188,0.165,0.835,1.0
2025-12-11T02:52:11.167769,0.155,0.845,1.0
2025-12-11T02:52:11.782806,0.155,0.845,1.0
2025-12-11T02:52:12.391721,0.155,0.845,1.0
2025-12-11T02:52:13.009006,0.15,0.85,1.0
2025-12-11T02:52:13.626567,0.155,0.845,1.0
2025-12-11T02:52:14.227306,0.165,0.835,1.0
2025-12-11T02:52:14.843543,0.165,0.835,1.0
2025-12-11T02:52:15.450830,0.155,0.845,1.0
2025-12-11T02:52:16.083624,0.135,0.865,1.0
2025-12-11T02:52:16.694809,0.135,0.865,1.0
2025-12-11T02:52:17.294715,0.135,0.865,1.0
2025-12-11T02:52:17.911043,0.135,0.865,1.0
2025-12-11T02:52:18.614088,0.135,0.87,1.005
2025-12-11T02:52:19.220423,0.125,0.875,1.0
2025-12-11T02:52:19.837586,0.125,0.875,1.0
2025-12-11T02:52:20.449696,0.125,0.875,1.0
2025-12-11T02:52:21.084180,0.125,0.875,1.0
2025-12-11T02:52:21.693372,0.135,0.865,1.0
2025-12-11T02:52:22.311786,0.135,0.865,1.0
2025-12-11T02:52:22.913749,0.135,0.865,1.0
2025-12-11T02:52:23.510997,0.135,0.865,1.0
2025-12-11T02:52:24.128237,0.125,0.875,1.0
2025-12-11T02:52:24.733279,0.125,0.875,1.0
2025-12-11T02:52:25.345132,0.125,0.875,1.0
2025-12-11T02:52:25.950026,0.115,0.885,1.0
2025-12-11T02:52:26.554702,0.115,0.885,1.0
2025-12-11T02:52:27.161972,0.115,0.885,1.0
2025-12-11T02:52:27.759612,0.125,0.875,1.0
2025-12-11T02:52:28.472366,0.125,0.87,0.995
2025-12-11T02:52:29.109253,0.135,0.865,1.0
2025-12-11T02:52:29.712182,0.135,0.865,1.0
2025-12-11T02:52:30.326487,0.13,0.87,1.0
2025-12-11T02:52:30.936566,0.13,0.87,1.0
2025-12-11T02:52:31.552848,0.125,0.875,1.0
2025-12-11T02:52:32.165599,0.135,0.865,1.0
2025-12-11T02:52:32.796627,0.135,0.865,1.0
2025-12-11T02:52:31.813484,0.145,0.855,1.0
2025-12-11T02:52:32.415766,0.145,0.855,1.0
2025-12-11T02:52:33.028130,0.145,0.855,1.0
2025-12-11T02:52:33.634375,0.155,0.845,1.0
2025-12-11T02:52:34.242702,0.145,0.855,1.0
2025-12-11T02:52:34.853906,0.135,0.865,1.0
2025-12-11T02:52:35.458298,0.145,0.855,1.0
2025-12-11T02:52:36.067603,0.145,0.855,1.0
2025-12-11T02:52:36.667784,0.145,0.855,1.0
2025-12-11T02:52:37.285792,0.145,0.855,1.0
2025-12-11T02:52:37.905274,0.125,0.875,1.0
2025-12-11T02:52:38.504786,0.13,0.87,1.0
2025-12-11T02:52:39.113518,0.135,0.865,1.0
2025-12-11T02:52:39.711817,0.135,0.865,1.0
2025-12-11T02:52:40.324684,0.135,0.865,1.0
2025-12-11T02:52:40.935191,0.145,0.855,1.0
2025-12-11T02:52:41.549197,0.145,0.855,1.0
2025-12-11T02:52:42.156797,0.145,0.855,1.0
2025-12-11T02:52:42.772285,0.155,0.845,1.0
2025-12-11T02:52:43.382462,0.16,0.84,1.0
2025-12-11T02:52:44.001805,0.165,0.835,1.0
2025-12-11T02:52:44.626667,0.185,0.815,1.0
2025-12-11T02:52:45.243051,0.195,0.805,1.0
2025-12-11T02:52:45.858887,0.195,0.805,1.0
2025-12-11T02:52:46.471015,0.205,0.795,1.0
2025-12-11T02:52:47.089119,0.2,0.795,0.9950000000000001
2025-12-11T02:52:47.688960,0.19,0.81,1.0
2025-12-11T02:52:48.314007,0.2,0.8,1.0
2025-12-11T02:52:48.927196,0.2,0.8,1.0
2025-12-11T02:52:49.538343,0.2,0.8,1.0
2025-12-11T02:52:50.152233,0.195,0.805,1.0
2025-12-11T02:52:50.769224,0.195,0.805,1.0
2025-12-11T02:52:51.382710,0.195,0.805,1.0
2025-12-11T02:52:51.999753,0.18,0.82,1.0
2025-12-11T02:52:52.612540,0.18,0.82,1.0
2025-12-11T02:52:53.229480,0.185,0.815,1.0
2025-12-11T02:52:53.845228,0.19,0.81,1.0
2025-12-11T02:52:54.463479,0.195,0.805,1.0
2025-12-11T02:52:55.083910,0.195,0.805,1.0
2025-12-11T02:52:55.681039,0.205,0.795,1.0
2025-12-11T02:52:56.295853,0.205,0.795,1.0
2025-12-11T02:52:56.908408,0.195,0.805,1.0
2025-12-11T02:52:57.527038,0.195,0.805,1.0
2025-12-11T02:52:58.149222,0.2,0.8,1.0
2025-12-11T02:52:58.763921,0.205,0.795,1.0
2025-12-11T02:52:59.381672,0.215,0.785,1.0
2025-12-11T02:53:00.001538,0.215,0.785,1.0
2025-12-11T02:53:00.603443,0.23,0.77,1.0
2025-12-11T02:53:01.218173,0.23,0.77,1.0
2025-12-11T02:53:01.828628,0.235,0.765,1.0
2025-12-11T02:53:02.448956,0.225,0.775,1.0
2025-12-11T02:53:03.053615,0.205,0.795,1.0
2025-12-11T02:53:03.651659,0.205,0.795,1.0
2025-12-11T02:53:02.669839,0.19,0.815,1.005
2025-12-11T02:53:03.274272,0.175,0.825,1.0
2025-12-11T02:53:03.873292,0.175,0.825,1.0
2025-12-11T02:53:04.482046,0.175,0.825,1.0
2025-12-11T02:53:05.086835,0.175,0.825,1.0
2025-12-11T02:53:05.697909,0.175,0.825,1.0
2025-12-11T02:53:06.300661,0.175,0.825,1.0
2025-12-11T02:53:06.907821,0.18,0.82,1.0
2025-12-11T02:53:07.524472,0.18,0.82,1.0
2025-12-11T02:53:08.129750,0.18,0.82,1.0
2025-12-11T02:53:08.732496,0.175,0.825,1.0
2025-12-11T02:53:09.340425,0.175,0.825,1.0
2025-12-11T02:53:09.955211,0.175,0.825,1.0
2025-12-11T02:53:10.560833,0.175,0.825,1.0
2025-12-11T02:53:11.170773,0.17,0.835,1.005
2025-12-11T02:53:11.781086,0.165,0.845,1.01
2025-12-11T02:53:12.371305,0.155,0.845,1.0
2025-12-11T02:53:12.993634,0.155,0.845,1.0
2025-12-11T02:53:13.598205,0.155,0.845,1.0
2025-12-11T02:53:14.209968,0.155,0.845,1.0
2025-12-11T02:53:14.825593,0.155,0.845,1.0
2025-12-11T02:53:15.434304,0.155,0.845,1.0
2025-12-11T02:53:16.041930,0.155,0.845,1.0
2025-12-11T02:53:16.640363,0.155,0.845,1.0
2025-12-11T02:53:17.256815,0.155,0.845,1.0
2025-12-11T02:53:17.874301,0.155,0.845,1.0
2025-12-11T02:53:18.471634,0.155,0.845,1.0
2025-12-11T02:53:19.086127,0.155,0.85,1.005
2025-12-11T02:53:19.695697,0.135,0.865,1.0
2025-12-11T02:53:20.308289,0.135,0.865,1.0
2025-12-11T02:53:20.914486,0.135,0.865,1.0
2025-12-11T02:53:21.525133,0.135,0.865,1.0
2025-12-11T02:53:22.121318,0.135,0.865,1.0
2025-12-11T02:53:22.729484,0.135,0.865,1.0
2025-12-11T02:53:23.339126,0.135,0.865,1.0
2025-12-11T02:53:23.956983,0.135,0.865,1.0
2025-12-11T02:53:24.573330,0.135,0.865,1.0
2025-12-11T02:53:25.188257,0.135,0.865,1.0
2025-12-11T02:53:25.798295,0.135,0.865,1.0
2025-12-11T02:53:26.413921,0.145,0.855,1.0
2025-12-11T02:53:27.017378,0.145,0.855,1.0
2025-12-11T02:53:27.645723,0.145,0.855,1.0
2025-12-11T02:53:28.261971,0.14,0.855,0.995
2025-12-11T02:53:28.879904,0.135,0.865,1.0
2025-12-11T02:53:29.491829,0.125,0.875,1.0
2025-12-11T02:53:30.096548,0.125,0.875,1.0
2025-12-11T02:53:30.789615,0.12,0.88,1.0
2025-12-11T02:53:31.402976,0.115,0.885,1.0
2025-12-11T02:53:32.016892,0.105,0.895,1.0
2025-12-11T02:53:32.634613,0.115,0.88,0.995
2025-12-11T02:53:33.239993,0.12,0.875,0.995
2025-12-11T02:53:33.854155,0.115,0.885,1.0
2025-12-11T02:53:34.478081,0.115,0.885,1.0
2025-12-11T02:53:33.475007,0.115,0.885,1.0
2025-12-11T02:53:34.084746,0.115,0.885,1.0
2025-12-11T02:53:34.694133,0.12,0.88,1.0
2025-12-11T02:53:35.309508,0.115,0.885,1.0
2025-12-11T02:53:35.911738,0.115,0.885,1.0
2025-12-11T02:53:36.514079,0.115,0.885,1.0
2025-12-11T02:53:37.113788,0.115,0.885,1.0
2025-12-11T02:53:37.716491,0.115,0.885,1.0
2025-12-11T02:53:38.331944,0.115,0.885,1.0
2025-12-11T02:53:38.934974,0.115,0.885,1.0
2025-12-11T02:53:39.537684,0.115,0.885,1.0
2025-12-11T02:53:40.137587,0.115,0.885,1.0
2025-12-11T02:53:40.739296,0.115,0.89,1.0050000000000001
2025-12-11T02:53:41.339257,0.11,0.89,1.0
2025-12-11T02:53:41.951450,0.11,0.89,1.0
2025-12-11T02:53:42.553441,0.11,0.89,1.0
2025-12-11T02:53:43.156340,0.115,0.885,1.0
2025-12-11T02:53:43.762175,0.11,0.89,1.0
2025-12-11T02:53:44.372646,0.11,0.89,1.0
2025-12-11T02:53:44.980839,0.105,0.895,1.0
2025-12-11T02:53:45.579825,0.105,0.895,1.0
2025-12-11T02:53:46.173957,0.095,0.905,1.0
2025-12-11T02:53:46.785100,0.095,0.905,1.0
2025-12-11T02:53:47.388133,0.095,0.905,1.0
2025-12-11T02:53:47.986899,0.085,0.915,1.0
2025-12-11T02:53:48.584966,0.085,0.915,1.0
2025-12-11T02:53:49.188026,0.085,0.915,1.0
2025-12-11T02:53:49.795963,0.085,0.915,1.0
2025-12-11T02:53:50.397471,0.085,0.915,1.0
2025-12-11T02:53:50.995984,0.085,0.915,1.0
2025-12-11T02:53:51.603165,0.095,0.905,1.0
2025-12-11T02:53:52.207362,0.09,0.91,1.0
2025-12-11T02:53:52.809495,0.095,0.905,1.0
2025-12-11T02:53:53.412299,0.085,0.915,1.0
2025-12-11T02:53:54.045148,0.085,0.915,1.0
2025-12-11T02:53:54.656224,0.085,0.915,1.0
2025-12-11T02:53:55.265670,0.085,0.915,1.0
2025-12-11T02:53:55.872612,0.08,0.915,0.995
2025-12-11T02:53:56.481329,0.08,0.92,1.0
2025-12-11T02:53:57.080042,0.08,0.92,1.0
2025-12-11T02:53:57.693841,0.08,0.92,1.0
2025-12-11T02:53:58.297084,0.08,0.92,1.0
2025-12-11T02:53:58.915985,0.08,0.92,1.0
2025-12-11T02:53:59.526830,0.08,0.92,1.0
2025-12-11T02:54:00.137081,0.08,0.92,1.0
2025-12-11T02:54:00.750807,0.08,0.92,1.0
2025-12-11T02:54:01.365498,0.08,0.92,1.0
2025-12-11T02:54:01.970941,0.08,0.92,1.0
2025-12-11T02:54:02.578751,0.08,0.92,1.0
2025-12-11T02:54:03.180268,0.08,0.92,1.0
2025-12-11T02:54:03.785772,0.08,0.92,1.0
2025-12-11T02:54:04.392708,0.08,0.92,1.0
2025-12-11T02:54:05.004172,0.075,0.925,1.0
2025-12-11T02:54:04.005100,0.075,0.925,1.0
2025-12-11T02:54:04.616616,0.075,0.925,1.0
2025-12-11T02:54:05.218263,0.075,0.925,1.0
2025-12-11T02:54:05.823850,0.075,0.925,1.0
2025-12-11T02:54:06.430373,0.075,0.925,1.0
2025-12-11T02:54:07.040598,0.075,0.925,1.0
2025-12-11T02:54:07.642482,0.075,0.925,1.0
2025-12-11T02:54:08.251682,0.075,0.925,1.0
2025-12-11T02:54:08.855987,0.075,0.925,1.0
2025-12-11T02:54:09.463936,0.075,0.92,0.995
2025-12-11T02:54:10.074371,0.085,0.915,1.0
2025-12-11T02:54:10.680474,0.085,0.915,1.0
2025-12-11T02:54:11.280479,0.085,0.915,1.0
2025-12-11T02:54:11.888075,0.085,0.915,1.0
2025-12-11T02:54:12.500707,0.085,0.915,1.0
2025-12-11T02:54:13.106105,0.085,0.915,1.0
2025-12-11T02:54:13.710629,0.085,0.915,1.0
2025-12-11T02:54:14.311973,0.085,0.915,1.0
2025-12-11T02:54:14.920137,0.09,0.925,1.0150000000000001
2025-12-11T02:54:15.530022,0.075,0.925,1.0
2025-12-11T02:54:16.132294,0.075,0.925,1.0
2025-12-11T02:54:16.752108,0.075,0.915,0.99
2025-12-11T02:54:17.359561,0.085,0.915,1.0
2025-12-11T02:54:17.959608,0.085,0.915,1.0
2025-12-11T02:54:18.566300,0.08,0.92,1.0
2025-12-11T02:54:19.171624,0.075,0.925,1.0
2025-12-11T02:54:19.789025,0.065,0.935,1.0
2025-12-11T02:54:20.401760,0.065,0.935,1.0
2025-12-11T02:54:21.008006,0.075,0.925,1.0
2025-12-11T02:54:21.614486,0.075,0.925,1.0
2025-12-11T02:54:22.221107,0.075,0.925,1.0
2025-12-11T02:54:22.834381,0.075,0.925,1.0
2025-12-11T02:54:23.446566,0.075,0.925,1.0
2025-12-11T02:54:24.057686,0.075,0.925,1.0
2025-12-11T02:54:24.665447,0.075,0.925,1.0
2025-12-11T02:54:25.272872,0.075,0.925,1.0
2025-12-11T02:54:25.881980,0.075,0.925,1.0
2025-12-11T02:54:26.492891,0.075,0.925,1.0
2025-12-11T02:54:27.105699,0.065,0.935,1.0
2025-12-11T02:54:27.735121,0.065,0.935,1.0
2025-12-11T02:54:28.336942,0.065,0.935,1.0
2025-12-11T02:54:28.939888,0.065,0.935,1.0
2025-12-11T02:54:29.548191,0.065,0.935,1.0
2025-12-11T02:54:30.155375,0.065,0.935,1.0
2025-12-11T02:54:30.760389,0.065,0.935,1.0
2025-12-11T02:54:31.366461,0.065,0.935,1.0
2025-12-11T02:54:31.984591,0.065,0.935,1.0
2025-12-11T02:54:32.589369,0.065,0.935,1.0
2025-12-11T02:54:33.194486,0.065,0.935,1.0
2025-12-11T02:54:33.800562,0.065,0.935,1.0
2025-12-11T02:54:34.395699,0.065,0.935,1.0
2025-12-11T02:54:34.999293,0.065,0.935,1.0
2025-12-11T02:54:35.604395,0.055,0.945,1.0
2025-12-11T02:54:34.579163,0.055,0.945,1.0
2025-12-11T02:54:35.181757,0.055,0.945,1.0
2025-12-11T02:54:35.784193,0.055,0.945,1.0
2025-12-11T02:54:36.385655,0.055,0.945,1.0
2025-12-11T02:54:36.993029,0.045,0.955,1.0
2025-12-11T02:54:37.594824,0.045,0.955,1.0
2025-12-11T02:54:38.198282,0.045,0.955,1.0
2025-12-11T02:54:38.803014,0.045,0.955,1.0
2025-12-11T02:54:39.412485,0.045,0.955,1.0
2025-12-11T02:54:40.048329,0.045,0.955,1.0
2025-12-11T02:54:40.651207,0.045,0.955,1.0
2025-12-11T02:54:41.254605,0.045,0.955,1.0
2025-12-11T02:54:41.861205,0.035,0.965,1.0
2025-12-11T02:54:42.479421,0.035,0.965,1.0
2025-12-11T02:54:43.078938,0.04,0.96,1.0
2025-12-11T02:54:43.679032,0.04,0.96,1.0
2025-12-11T02:54:44.280503,0.035,0.965,1.0
2025-12-11T02:54:44.891892,0.04,0.96,1.0
2025-12-11T02:54:45.488639,0.045,0.955,1.0
2025-12-11T02:54:46.092761,0.045,0.955,1.0
2025-12-11T02:54:46.704958,0.04,0.96,1.0
2025-12-11T02:54:47.313162,0.04,0.96,1.0
2025-12-11T02:54:47.921899,0.04,0.96,1.0
2025-12-11T02:54:48.565416,0.04,0.96,1.0
2025-12-11T02:54:49.179889,0.04,0.96,1.0
2025-12-11T02:54:49.799448,0.04,0.96,1.0
2025-12-11T02:54:50.411142,0.035,0.965,1.0
2025-12-11T02:54:51.017804,0.03,0.97,1.0
2025-12-11T02:54:51.719825,0.03,0.97,1.0
2025-12-11T02:54:52.339721,0.045,0.955,1.0
2025-12-11T02:54:52.948741,0.045,0.955,1.0
2025-12-11T02:54:53.552677,0.035,0.965,1.0
2025-12-11T02:54:54.164097,0.035,0.965,1.0
2025-12-11T02:54:54.792753,0.035,0.965,1.0
2025-12-11T02:54:55.408971,0.035,0.965,1.0
2025-12-11T02:54:56.013003,0.035,0.965,1.0
2025-12-11T02:54:56.622310,0.035,0.965,1.0
2025-12-11T02:54:57.230993,0.035,0.965,1.0
2025-12-11T02:54:57.835271,0.035,0.965,1.0
2025-12-11T02:54:58.439338,0.035,0.965,1.0
2025-12-11T02:54:59.083518,0.025,0.975,1.0
2025-12-11T02:54:59.693371,0.025,0.975,1.0
2025-12-11T02:55:00.300938,0.025,0.975,1.0
2025-12-11T02:55:00.905086,0.025,0.975,1.0
2025-12-11T02:55:01.514730,0.025,0.975,1.0
2025-12-11T02:55:02.111459,0.025,0.975,1.0
2025-12-11T02:55:02.730337,0.025,0.975,1.0
2025-12-11T02:55:03.336877,0.025,0.975,1.0
2025-12-11T02:55:03.960096,0.025,0.975,1.0
2025-12-11T02:55:04.566031,0.025,0.975,1.0
2025-12-11T02:55:05.168602,0.025,0.975,1.0
2025-12-11T02:55:05.772455,0.015,0.985,1.0
2025-12-11T02:55:06.374037,0.025,0.975,1.0
2025-12-11T02:55:05.379489,0.025,0.975,1.0
2025-12-11T02:55:05.991265,0.025,0.975,1.0
2025-12-11T02:55:06.599781,0.015,0.985,1.0
2025-12-11T02:55:07.204857,0.015,0.985,1.0
2025-12-11T02:55:07.809777,0.02,0.98,1.0
2025-12-11T02:55:08.426970,0.025,0.975,1.0
2025-12-11T02:55:09.036986,0.025,0.975,1.0
2025-12-11T02:55:09.647925,0.025,0.975,1.0
2025-12-11T02:55:10.249518,0.025,0.975,1.0
2025-12-11T02:55:10.846420,0.025,0.975,1.0
2025-12-11T02:55:11.456832,0.025,0.975,1.0
2025-12-11T02:55:12.077064,0.025,0.975,1.0
2025-12-11T02:55:12.687186,0.025,0.975,1.0
2025-12-11T02:55:13.301039,0.025,0.975,1.0
2025-12-11T02:55:13.911239,0.025,0.975,1.0
2025-12-11T02:55:14.525612,0.025,0.975,1.0
2025-12-11T02:55:15.128179,0.025,0.975,1.0
2025-12-11T02:55:15.742705,0.025,0.975,1.0
2025-12-11T02:55:16.351559,0.025,0.975,1.0
2025-12-11T02:55:16.965324,0.025,0.975,1.0
2025-12-11T02:55:17.580558,0.025,0.975,1.0
2025-12-11T02:55:18.197415,0.025,0.975,1.0
2025-12-11T02:55:18.810616,0.025,0.975,1.0
2025-12-11T02:55:19.426504,0.025,0.975,1.0
2025-12-11T02:55:20.024623,0.025,0.975,1.0
2025-12-11T02:55:20.636456,0.025,0.975,1.0
2025-12-11T02:55:21.236232,0.03,0.97,1.0
2025-12-11T02:55:21.848695,0.03,0.97,1.0
2025-12-11T02:55:22.455831,0.035,0.965,1.0
2025-12-11T02:55:23.068029,0.025,0.975,1.0
2025-12-11T02:55:23.679566,0.025,0.975,1.0
2025-12-11T02:55:24.287419,0.025,0.975,1.0
2025-12-11T02:55:24.913403,0.025,0.975,1.0
2025-12-11T02:55:25.530427,0.025,0.975,1.0
2025-12-11T02:55:26.145040,0.025,0.975,1.0
2025-12-11T02:55:26.751311,0.025,0.975,1.0
2025-12-11T02:55:27.346984,0.025,0.975,1.0
2025-12-11T02:55:27.949810,0.025,0.975,1.0
2025-12-11T02:55:28.613829,0.025,0.975,1.0
2025-12-11T02:55:29.222638,0.025,0.975,1.0
2025-12-11T02:55:29.821977,0.025,0.975,1.0
2025-12-11T02:55:30.430304,0.025,0.975,1.0
2025-12-11T02:55:31.021744,0.025,0.975,1.0
2025-12-11T02:55:31.625576,0.025,0.975,1.0
2025-12-11T02:55:32.247079,0.02,0.98,1.0
2025-12-11T02:55:32.867409,0.015,0.985,1.0
2025-12-11T02:55:33.480383,0.015,0.985,1.0
2025-12-11T02:55:34.098315,0.015,0.985,1.0
2025-12-11T02:55:34.713197,0.015,0.985,1.0
2025-12-11T02:55:35.337432,0.015,0.985,1.0
2025-12-11T02:55:35.956409,0.015,0.985,1.0
2025-12-11T02:55:36.566849,0.015,0.985,1.0
2025-12-11T02:55:35.663373,0.015,0.985,1.0
2025-12-11T02:55:36.274323,0.015,0.985,1.0
2025-12-11T02:55:36.890068,0.015,0.985,1.0
2025-12-11T02:55:37.511748,0.015,0.985,1.0
2025-12-11T02:55:38.117988,0.015,0.985,1.0
2025-12-11T02:55:38.733376,0.015,0.985,1.0
2025-12-11T02:55:39.346512,0.015,0.995,1.01
2025-12-11T02:55:39.967404,0.005,0.995,1.0
2025-12-11T02:55:40.580321,0.005,0.995,1.0
2025-12-11T02:55:41.192437,0.005,0.995,1.0
2025-12-11T02:55:41.798599,0.005,0.995,1.0
2025-12-11T02:55:42.411458,0.005,0.995,1.0
2025-12-11T02:55:43.297332,0.005,0.995,1.0
2025-12-11T02:55:43.912225,0.005,0.995,1.0
2025-12-11T02:55:44.524083,0.005,0.995,1.0
2025-12-11T02:55:45.141593,0.005,0.995,1.0
2025-12-11T02:55:45.768351,0.005,0.995,1.0
2025-12-11T02:55:46.388984,0.005,0.995,1.0
2025-12-11T02:55:47.005419,0.005,0.995,1.0
2025-12-11T02:55:47.614349,0.005,0.995,1.0
2025-12-11T02:55:48.224890,0.005,0.995,1.0
2025-12-11T02:55:48.837315,0.005,0.995,1.0
2025-12-11T02:55:49.451240,0.005,0.995,1.0
2025-12-11T02:55:50.058011,0.005,0.995,1.0
2025-12-11T02:55:50.670396,0.005,0.995,1.0
2025-12-11T02:55:51.270983,0.005,0.995,1.0
2025-12-11T02:55:51.866883,0.005,0.995,1.0
2025-12-11T02:55:52.483762,0.005,0.995,1.0
2025-12-11T02:55:53.080778,0.005,0.995,1.0
2025-12-11T02:55:53.694685,0.005,0.995,1.0
2025-12-11T02:55:54.307655,0.005,0.995,1.0
2025-12-11T02:55:54.916245,0.005,0.995,1.0
2025-12-11T02:55:55.516141,0.005,0.995,1.0
2025-12-11T02:55:56.131800,0.005,0.995,1.0
2025-12-11T02:55:56.735633,0.005,0.995,1.0
2025-12-11T02:55:57.341664,0.005,0.995,1.0
2025-12-11T02:55:57.952586,0.005,0.995,1.0
2025-12-11T02:55:58.570566,0.005,0.995,1.0
2025-12-11T02:55:59.184406,0.005,0.995,1.0
2025-12-11T02:55:59.803435,0.005,0.995,1.0
2025-12-11T02:56:00.417645,0.005,0.995,1.0
2025-12-11T02:56:01.032406,0.005,0.995,1.0
2025-12-11T02:56:01.650579,0.005,0.995,1.0
2025-12-11T02:56:02.251657,0.005,0.995,1.0
2025-12-11T02:56:02.854604,0.005,0.995,1.0
2025-12-11T02:56:03.467489,0.005,0.995,1.0
2025-12-11T02:56:04.119376,0.005,0.995,1.0
2025-12-11T02:56:04.743607,0.005,0.995,1.0
2025-12-11T02:56:05.363643,0.005,0.995,1.0
2025-12-11T02:56:05.979086,0.005,0.995,1.0
2025-12-11T02:56:06.605898,0.005,0.995,1.0
2025-12-11T02:56:07.219609,0.005,0.995,1.0
2025-12-11T02:56:06.247219,0.005,0.995,1.0
2025-12-11T02:56:06.873521,0.005,0.995,1.0
2025-12-11T02:56:07.484611,0.005,0.995,1.0
2025-12-11T02:56:08.096970,0.005,0.995,1.0
2025-12-11T02:56:08.707440,0.005,0.995,1.0
2025-12-11T02:56:09.318067,0.005,0.995,1.0
2025-12-11T02:56:09.926249,0.005,0.995,1.0
2025-12-11T02:56:10.536178,0.005,0.995,1.0
2025-12-11T02:56:11.149027,0.005,0.995,1.0
2025-12-11T02:56:11.772175,0.005,0.995,1.0
2025-12-11T02:56:12.382983,0.005,0.995,1.0
2025-12-11T02:56:12.996946,0.005,0.995,1.0
2025-12-11T02:56:13.605829,0.005,0.995,1.0
2025-12-11T02:56:14.230254,0.005,0.995,1.0
2025-12-11T02:56:14.838803,0.005,0.995,1.0
2025-12-11T02:56:15.449656,0.005,0.995,1.0
2025-12-11T02:56:16.057994,0.005,0.995,1.0
2025-12-11T02:56:16.661548,0.005,0.995,1.0
2025-12-11T02:56:17.295509,0.005,0.995,1.0
2025-12-11T02:56:17.907293,0.005,0.995,1.0
2025-12-11T02:56:18.527084,0.005,0.995,1.0
2025-12-11T02:56:19.140723,0.005,0.995,1.0
2025-12-11T02:56:19.757409,0.005,0.995,1.0
2025-12-11T02:56:20.366764,0.005,0.995,1.0
2025-12-11T02:56:20.982468,0.005,0.995,1.0
2025-12-11T02:56:21.591408,0.005,0.995,1.0
2025-12-11T02:56:22.199445,0.005,0.995,1.0
2025-12-11T02:56:22.820352,0.005,0.995,1.0
2025-12-11T02:56:23.439835,0.005,0.995,1.0
2025-12-11T02:56:24.053928,0.005,0.995,1.0
2025-12-11T02:56:24.657576,0.005,0.995,1.0
2025-12-11T02:56:25.269250,0.005,0.995,1.0
2025-12-11T02:56:25.884839,0.005,0.995,1.0
2025-12-11T02:56:26.497472,0.005,0.995,1.0
2025-12-11T02:56:27.111868,0.005,0.995,1.0
2025-12-11T02:56:27.721893,0.005,0.995,1.0
2025-12-11T02:56:28.332224,0.005,0.995,1.0
2025-12-11T02:56:28.944025,0.005,0.995,1.0
2025-12-11T02:56:29.554161,0.005,0.995,1.0
2025-12-11T02:56:30.173632,0.005,0.995,1.0
2025-12-11T02:56:30.789535,0.005,0.995,1.0
2025-12-11T02:56:31.409278,0.005,0.995,1.0
2025-12-11T02:56:32.026170,0.005,0.995,1.0
2025-12-11T02:56:32.636462,0.005,0.995,1.0
2025-12-11T02:56:33.253092,0.005,0.995,1.0
2025-12-11T02:56:33.849462,0.005,0.995,1.0
2025-12-11T02:56:34.465343,0.005,0.995,1.0
2025-12-11T02:56:35.084356,0.005,0.995,1.0
2025-12-11T02:56:35.695402,0.005,0.995,1.0
2025-12-11T02:56:36.306479,0.005,0.995,1.0
2025-12-11T02:56:36.923338,0.005,0.995,1.0
2025-12-11T02:56:37.534857,0.005,0.995,1.0
2025-12-11T02:56:38.137121,0.005,0.995,1.0
2025-12-11T02:56:37.151690,0.005,0.995,1.0
2025-12-11T02:56:37.765632,0.005,0.995,1.0
2025-12-11T02:56:38.377393,0.005,0.995,1.0
2025-12-11T02:56:38.982496,0.005,0.995,1.0
2025-12-11T02:56:39.593135,0.005,0.995,1.0
2025-12-11T02:56:40.217120,0.005,0.995,1.0
2025-12-11T02:56:40.830839,0.005,0.995,1.0
2025-12-11T02:56:41.458799,0.005,0.995,1.0
2025-12-11T02:56:42.068945,0.005,0.995,1.0
2025-12-11T02:56:42.682111,0.005,0.995,1.0
2025-12-11T02:56:43.288729,0.005,0.995,1.0
2025-12-11T02:56:43.910819,0.005,0.995,1.0
2025-12-11T02:56:44.523828,0.005,0.995,1.0
2025-12-11T02:56:45.134624,0.005,0.995,1.0
2025-12-11T02:56:45.745282,0.005,0.995,1.0
2025-12-11T02:56:46.358864,0.005,0.995,1.0
2025-12-11T02:56:46.956200,0.005,0.995,1.0
2025-12-11T02:56:47.576183,0.005,0.995,1.0
2025-12-11T02:56:48.186500,0.005,0.995,1.0
2025-12-11T02:56:48.806669,0.005,0.995,1.0
2025-12-11T02:56:49.467367,0.005,0.995,1.0
2025-12-11T02:56:50.079595,0.005,0.995,1.0
2025-12-11T02:56:50.691270,0.005,0.995,1.0
2025-12-11T02:56:51.318465,0.005,0.995,1.0
2025-12-11T02:56:51.941216,0.005,0.995,1.0
2025-12-11T02:56:52.556512,0.005,0.995,1.0
2025-12-11T02:56:53.163446,0.005,0.995,1.0
2025-12-11T02:56:53.777613,0.005,0.995,1.0
2025-12-11T02:56:54.394933,0.005,0.995,1.0
2025-12-11T02:56:54.999673,0.005,0.995,1.0
2025-12-11T02:56:55.607978,0.005,0.995,1.0
2025-12-11T02:56:56.225960,0.005,0.995,1.0
2025-12-11T02:56:56.851741,0.005,0.995,1.0
2025-12-11T02:56:57.466775,0.005,0.995,1.0
2025-12-11T02:56:58.091493,0.005,0.995,1.0
2025-12-11T02:56:58.710662,0.005,0.995,1.0
2025-12-11T02:56:59.309282,0.005,0.995,1.0
2025-12-11T02:56:59.927321,0.005,0.995,1.0
2025-12-11T02:57:00.542123,0.005,0.995,1.0
2025-12-11T02:57:01.157476,0.005,0.995,1.0
2025-12-11T02:57:01.768189,0.005,0.995,1.0
2025-12-11T02:57:02.376276,0.005,0.995,1.0
2025-12-11T02:57:02.987928,0.005,0.995,1.0
2025-12-11T02:57:03.614422,0.005,0.995,1.0
2025-12-11T02:57:04.231885,0.005,0.995,1.0
2025-12-11T02:57:04.839588,0.005,0.995,1.0
2025-12-11T02:57:05.453648,0.005,0.995,1.0
2025-12-11T02:57:06.062783,0.005,0.995,1.0
2025-12-11T02:57:06.678744,0.005,0.995,1.0
2025-12-11T02:57:07.290647,0.005,0.995,1.0
2025-12-11T02:57:07.903256,0.005,0.995,1.0
2025-12-11T02:57:08.518900,0.005,0.995,1.0
2025-12-11T02:57:07.523771,0.005,0.995,1.0
2025-12-11T02:57:08.140269,0.005,0.995,1.0
2025-12-11T02:57:08.761867,0.005,0.995,1.0
2025-12-11T02:57:09.360948,0.005,0.995,1.0
2025-12-11T02:57:09.986171,0.005,0.995,1.0
2025-12-11T02:57:10.600586,0.005,0.995,1.0
2025-12-11T02:57:11.210279,0.005,0.995,1.0
2025-12-11T02:57:11.822729,0.005,0.995,1.0
2025-12-11T02:57:12.438370,0.005,0.995,1.0
2025-12-11T02:57:13.054334,0.005,0.995,1.0
2025-12-11T02:57:13.670348,0.005,0.995,1.0
2025-12-11T02:57:14.285373,0.005,0.995,1.0
2025-12-11T02:57:14.906649,0.005,0.995,1.0
2025-12-11T02:57:15.516815,0.005,0.995,1.0
2025-12-11T02:57:16.135415,0.005,0.995,1.0
2025-12-11T02:57:16.750286,0.005,0.995,1.0
2025-12-11T02:57:17.360652,0.005,0.995,1.0
2025-12-11T02:57:17.970281,0.005,0.995,1.0
2025-12-11T02:57:18.585339,0.005,0.995,1.0
2025-12-11T02:57:19.195202,0.005,0.995,1.0
2025-12-11T02:57:19.808442,0.005,0.995,1.0
2025-12-11T02:57:20.417537,0.005,0.995,1.0
2025-12-11T02:57:21.044506,0.005,0.995,1.0
2025-12-11T02:57:21.661763,0.005,0.995,1.0
2025-12-11T02:57:22.277906,0.005,0.995,1.0
2025-12-11T02:57:22.894002,0.005,0.995,1.0
2025-12-11T02:57:23.510515,0.005,0.995,1.0
2025-12-11T02:57:24.123663,0.005,0.995,1.0
2025-12-11T02:57:24.736684,0.005,0.995,1.0
2025-12-11T02:57:25.340446,0.005,0.995,1.0
2025-12-11T02:57:25.958551,0.005,0.995,1.0
2025-12-11T02:57:26.574120,0.005,0.995,1.0
2025-12-11T02:57:27.193774,0.005,0.995,1.0
2025-12-11T02:57:27.806091,0.005,0.995,1.0
2025-12-11T02:57:28.415888,0.005,0.995,1.0
2025-12-11T02:57:29.029148,0.005,0.995,1.0
2025-12-11T02:57:29.649922,0.005,0.995,1.0
2025-12-11T02:57:30.262021,0.005,0.995,1.0
2025-12-11T02:57:30.877247,0.005,0.995,1.0
2025-12-11T02:57:31.490544,0.005,0.995,1.0
2025-12-11T02:57:32.109864,0.005,0.995,1.0
2025-12-11T02:57:32.729199,0.005,0.995,1.0
2025-12-11T02:57:33.336616,0.005,0.995,1.0
2025-12-11T02:57:33.951821,0.005,0.995,1.0
2025-12-11T02:57:34.564066,0.005,0.995,1.0
2025-12-11T02:57:35.174103,0.005,0.995,1.0
2025-12-11T02:57:35.787875,0.005,0.995,1.0
2025-12-11T02:57:36.402187,0.005,0.995,1.0
2025-12-11T02:57:37.016981,0.005,0.995,1.0
2025-12-11T02:57:37.638216,0.005,0.995,1.0
2025-12-11T02:57:38.247102,0.005,0.995,1.0
2025-12-11T02:57:38.860933,0.005,0.995,1.0
2025-12-11T02:57:39.480375,0.005,0.995,1.0
2025-12-11T02:57:38.491757,0.005,0.995,1.0
2025-12-11T02:57:39.108988,0.005,0.995,1.0
2025-12-11T02:57:39.720017,0.005,0.995,1.0
2025-12-11T02:57:40.328584,0.005,0.995,1.0
2025-12-11T02:57:40.937243,0.005,0.995,1.0
2025-12-11T02:57:41.547237,0.005,0.995,1.0
2025-12-11T02:57:42.164387,0.005,0.995,1.0
2025-12-11T02:57:42.778686,0.005,0.995,1.0
2025-12-11T02:57:43.386317,0.005,0.995,1.0
2025-12-11T02:57:43.996577,0.005,0.995,1.0
2025-12-11T02:57:44.612102,0.005,0.995,1.0
2025-12-11T02:57:45.229321,0.005,0.995,1.0
2025-12-11T02:57:45.848996,0.005,0.995,1.0
2025-12-11T02:57:46.467677,0.005,0.995,1.0
2025-12-11T02:57:47.076167,0.005,0.995,1.0
2025-12-11T02:57:47.704259,0.005,0.995,1.0
2025-12-11T02:57:48.322072,0.005,0.995,1.0
2025-12-11T02:57:48.936885,0.005,0.995,1.0
2025-12-11T02:57:49.543927,0.005,0.995,1.0
2025-12-11T02:57:50.156770,0.005,0.995,1.0
2025-12-11T02:57:50.776654,0.005,0.995,1.0
2025-12-11T02:57:51.393902,0.005,0.995,1.0
2025-12-11T02:57:52.016272,0.005,0.995,1.0
2025-12-11T02:57:52.629451,0.005,0.995,1.0
2025-12-11T02:57:53.244717,0.005,0.995,1.0
2025-12-11T02:57:53.902946,0.005,0.995,1.0
2025-12-11T02:57:54.520453,0.005,0.995,1.0
2025-12-11T02:57:55.135402,0.005,0.995,1.0
2025-12-11T02:57:55.739142,0.005,0.995,1.0
2025-12-11T02:57:56.366753,0.005,0.995,1.0
2025-12-11T02:57:56.984028,0.005,0.995,1.0
2025-12-11T02:57:57.601369,0.005,0.995,1.0
2025-12-11T02:57:58.214923,0.005,0.995,1.0
2025-12-11T02:57:58.827868,0.005,0.995,1.0
2025-12-11T02:57:59.472589,0.005,0.995,1.0
2025-12-11T02:58:00.090286,0.005,0.995,1.0
2025-12-11T02:58:00.700987,0.005,0.995,1.0
2025-12-11T02:58:01.316512,0.005,0.995,1.0
2025-12-11T02:58:01.932356,0.005,0.995,1.0
2025-12-11T02:58:02.539704,0.005,0.995,1.0
2025-12-11T02:58:03.152255,0.005,0.995,1.0
2025-12-11T02:58:03.760750,0.005,0.995,1.0
2025-12-11T02:58:04.375986,0.005,0.995,1.0
2025-12-11T02:58:04.983349,0.005,0.995,1.0
2025-12-11T02:58:05.590814,0.005,0.995,1.0
2025-12-11T02:58:06.205988,0.005,0.995,1.0
2025-12-11T02:58:06.820021,0.005,0.995,1.0
2025-12-11T02:58:07.434786,0.005,0.995,1.0
2025-12-11T02:58:08.043956,0.005,0.995,1.0
2025-12-11T02:58:08.666528,0.005,0.995,1.0
2025-12-11T02:58:09.275394,0.005,0.995,1.0
2025-12-11T02:58:09.893139,0.005,0.995,1.0
2025-12-11T02:58:08.914876,0.005,0.995,1.0
2025-12-11T02:58:09.522754,0.005,0.995,1.0
2025-12-11T02:58:10.120884,0.005,0.995,1.0
2025-12-11T02:58:10.735186,0.005,0.995,1.0
2025-12-11T02:58:11.355000,0.005,0.995,1.0
2025-12-11T02:58:11.965960,0.005,0.995,1.0
2025-12-11T02:58:12.581680,0.005,0.995,1.0
2025-12-11T02:58:13.193899,0.005,0.995,1.0
2025-12-11T02:58:13.800591,0.005,0.995,1.0
2025-12-11T02:58:14.413626,0.005,0.995,1.0
2025-12-11T02:58:15.027837,0.005,0.995,1.0
2025-12-11T02:58:15.634563,0.005,0.995,1.0
2025-12-11T02:58:16.253264,0.005,0.995,1.0
2025-12-11T02:58:16.867788,0.005,0.995,1.0
2025-12-11T02:58:17.478165,0.005,0.995,1.0
2025-12-11T02:58:18.081618,0.005,0.995,1.0
2025-12-11T02:58:18.690427,0.005,0.995,1.0
2025-12-11T02:58:19.314497,0.005,0.995,1.0
2025-12-11T02:58:19.927763,0.005,0.995,1.0
2025-12-11T02:58:20.557559,0.005,0.995,1.0
2025-12-11T02:58:21.167039,0.005,0.995,1.0
2025-12-11T02:58:21.780803,0.005,0.995,1.0
2025-12-11T02:58:22.405987,0.005,0.995,1.0
2025-12-11T02:58:23.037597,0.005,0.995,1.0
2025-12-11T02:58:23.654221,0.005,0.995,1.0
2025-12-11T02:58:24.252733,0.005,0.995,1.0
2025-12-11T02:58:24.870549,0.005,0.995,1.0
2025-12-11T02:58:25.487816,0.005,0.995,1.0
2025-12-11T02:58:26.100091,0.005,0.995,1.0
2025-12-11T02:58:26.712698,0.005,0.995,1.0
2025-12-11T02:58:27.332198,0.005,0.995,1.0
2025-12-11T02:58:27.944583,0.005,0.995,1.0
2025-12-11T02:58:28.559373,0.005,0.995,1.0
2025-12-11T02:58:29.181666,0.005,0.995,1.0
2025-12-11T02:58:29.807732,0.005,0.995,1.0
2025-12-11T02:58:30.425016,0.005,0.995,1.0
2025-12-11T02:58:31.039460,0.005,0.995,1.0
2025-12-11T02:58:31.651909,0.005,0.995,1.0
2025-12-11T02:58:32.311051,0.005,0.995,1.0
2025-12-11T02:58:32.930598,0.005,0.995,1.0
2025-12-11T02:58:33.542671,0.005,0.995,1.0
2025-12-11T02:58:34.143867,0.005,0.995,1.0
2025-12-11T02:58:34.754429,0.005,0.995,1.0
2025-12-11T02:58:35.364271,0.005,0.995,1.0
2025-12-11T02:58:35.979768,0.005,0.995,1.0
2025-12-11T02:58:36.590425,0.005,0.995,1.0
2025-12-11T02:58:37.205700,0.005,0.995,1.0
2025-12-11T02:58:37.822859,0.005,0.995,1.0
2025-12-11T02:58:38.437379,0.005,0.995,1.0
2025-12-11T02:58:39.062911,0.005,0.995,1.0
2025-12-11T02:58:39.694046,0.005,0.995,1.0
2025-12-11T02:58:40.310857,0.005,0.995,1.0
2025-12-11T02:58:40.935602,0.005,0.995,1.0
2025-12-11T02:58:39.943581,0.005,0.995,1.0
2025-12-11T02:58:40.553979,0.005,0.995,1.0
2025-12-11T02:58:41.168196,0.005,0.995,1.0
2025-12-11T02:58:41.781838,0.005,0.995,1.0
2025-12-11T02:58:42.400532,0.005,0.995,1.0
2025-12-11T02:58:43.010639,0.005,0.995,1.0
2025-12-11T02:58:43.627221,0.005,0.995,1.0
2025-12-11T02:58:44.242233,0.005,0.995,1.0
2025-12-11T02:58:44.861474,0.005,0.995,1.0
2025-12-11T02:58:45.483593,0.005,0.995,1.0
2025-12-11T02:58:46.096337,0.005,0.995,1.0
2025-12-11T02:58:46.704864,0.005,0.995,1.0
2025-12-11T02:58:47.328833,0.005,0.995,1.0
2025-12-11T02:58:47.941522,0.005,0.995,1.0
2025-12-11T02:58:48.546163,0.005,0.995,1.0
2025-12-11T02:58:49.163291,0.005,0.995,1.0
2025-12-11T02:58:49.797321,0.005,0.995,1.0
2025-12-11T02:58:50.407545,0.005,0.995,1.0
2025-12-11T02:58:51.021357,0.005,0.995,1.0
2025-12-11T02:58:51.634599,0.005,0.995,1.0
2025-12-11T02:58:52.247427,0.005,0.995,1.0
2025-12-11T02:58:52.866171,0.005,0.995,1.0
2025-12-11T02:58:53.475653,0.005,0.995,1.0
2025-12-11T02:58:54.084448,0.005,0.995,1.0
2025-12-11T02:58:54.701722,0.005,0.995,1.0
2025-12-11T02:58:55.313970,0.005,0.995,1.0
2025-12-11T02:58:55.921867,0.005,0.995,1.0
2025-12-11T02:58:56.534220,0.005,0.995,1.0
2025-12-11T02:58:57.177864,0.005,0.995,1.0
2025-12-11T02:58:57.799478,0.005,0.995,1.0
2025-12-11T02:58:58.410167,0.005,0.995,1.0
2025-12-11T02:58:59.025877,0.005,0.995,1.0
2025-12-11T02:58:59.635336,0.005,0.995,1.0
2025-12-11T02:59:00.263021,0.005,0.995,1.0
2025-12-11T02:59:00.877499,0.005,0.995,1.0
2025-12-11T02:59:01.492314,0.005,0.995,1.0
2025-12-11T02:59:02.108068,0.005,0.995,1.0
2025-12-11T02:59:02.727823,0.005,0.995,1.0
2025-12-11T02:59:03.346936,0.005,0.995,1.0
2025-12-11T02:59:03.962916,0.005,0.995,1.0
2025-12-11T02:59:04.616378,0.005,0.995,1.0
2025-12-11T02:59:05.232019,0.005,0.995,1.0
2025-12-11T02:59:05.852014,0.005,0.995,1.0
2025-12-11T02:59:06.466744,0.005,0.995,1.0
2025-12-11T02:59:07.087845,0.005,0.995,1.0
2025-12-11T02:59:07.700320,0.005,0.995,1.0
2025-12-11T02:59:08.308195,0.005,0.995,1.0
2025-12-11T02:59:08.917624,0.005,0.995,1.0
2025-12-11T02:59:09.527149,0.005,0.995,1.0
2025-12-11T02:59:10.153768,0.005,0.995,1.0
2025-12-11T02:59:10.766058,0.005,0.995,1.0
2025-12-11T02:59:11.380919,0.005,0.995,1.0
2025-12-11T02:59:10.391649,0.005,0.995,1.0
2025-12-11T02:59:10.998104,0.005,0.995,1.0
2025-12-11T02:59:11.617337,0.005,0.995,1.0
2025-12-11T02:59:12.247929,0.005,0.995,1.0
2025-12-11T02:59:12.857862,0.005,0.995,1.0
2025-12-11T02:59:13.472984,0.005,0.995,1.0
2025-12-11T02:59:14.095705,0.005,0.995,1.0
2025-12-11T02:59:14.711084,0.005,0.995,1.0
2025-12-11T02:59:15.321984,0.005,0.995,1.0
2025-12-11T02:59:15.937413,0.005,0.995,1.0
2025-12-11T02:59:16.544907,0.005,0.995,1.0
2025-12-11T02:59:17.157274,0.005,0.995,1.0
2025-12-11T02:59:17.782062,0.005,0.995,1.0
2025-12-11T02:59:18.389060,0.005,0.995,1.0
2025-12-11T02:59:18.994954,0.005,0.995,1.0
2025-12-11T02:59:19.604116,0.005,0.995,1.0
2025-12-11T02:59:20.227137,0.005,0.995,1.0
2025-12-11T02:59:20.850033,0.005,0.995,1.0
2025-12-11T02:59:21.466232,0.005,0.995,1.0
2025-12-11T02:59:22.074284,0.005,0.995,1.0
2025-12-11T02:59:22.691671,0.005,0.995,1.0
2025-12-11T02:59:23.311532,0.005,0.995,1.0
2025-12-11T02:59:23.926723,0.005,0.995,1.0
2025-12-11T02:59:24.534191,0.005,0.995,1.0
2025-12-11T02:59:25.145758,0.005,0.995,1.0
2025-12-11T02:59:25.746146,0.005,0.995,1.0
2025-12-11T02:59:26.365160,0.005,0.995,1.0
2025-12-11T02:59:26.965070,0.005,0.995,1.0
2025-12-11T02:59:27.576119,0.005,0.995,1.0
2025-12-11T02:59:28.185320,0.005,0.995,1.0
2025-12-11T02:59:28.793876,0.005,0.995,1.0
2025-12-11T02:59:29.410654,0.005,0.995,1.0
2025-12-11T02:59:30.025248,0.005,0.995,1.0
2025-12-11T02:59:30.642157,0.005,0.995,1.0
2025-12-11T02:59:31.250307,0.005,0.995,1.0
2025-12-11T02:59:31.861108,0.005,0.995,1.0
2025-12-11T02:59:32.473128,0.005,0.995,1.0
2025-12-11T02:59:33.098270,0.005,0.995,1.0
2025-12-11T02:59:33.717304,0.005,0.995,1.0
2025-12-11T02:59:34.332988,0.005,0.995,1.0
2025-12-11T02:59:34.927075,0.005,0.995,1.0
2025-12-11T02:59:35.536848,0.005,0.995,1.0
2025-12-11T02:59:36.152404,0.005,0.995,1.0
2025-12-11T02:59:36.782906,0.005,0.995,1.0
2025-12-11T02:59:37.395577,0.005,0.995,1.0
2025-12-11T02:59:38.010681,0.005,0.995,1.0
2025-12-11T02:59:38.625103,0.005,0.995,1.0
2025-12-11T02:59:39.252219,0.005,0.995,1.0
2025-12-11T02:59:39.872026,0.005,0.995,1.0
2025-12-11T02:59:40.502540,0.005,0.995,1.0
2025-12-11T02:59:41.103618,0.005,0.995,1.0
2025-12-11T02:59:41.709999,0.005,0.995,1.0
2025-12-11T02:59:42.322155,0.005,0.995,1.0
2025-12-11T02:59:41.324587,0.005,0.995,1.0
2025-12-11T02:59:41.941887,0.005,0.995,1.0
2025-12-11T02:59:42.551378,0.005,0.995,1.0
2025-12-11T02:59:43.164337,0.005,0.995,1.0
2025-12-11T02:59:43.774095,0.005,0.995,1.0
2025-12-11T02:59:44.381026,0.005,0.995,1.0
2025-12-11T02:59:44.989237,0.005,0.995,1.0
2025-12-11T02:59:45.602135,0.005,0.995,1.0
2025-12-11T02:59:46.211548,0.005,0.995,1.0
2025-12-11T02:59:46.831512,0.005,0.995,1.0
2025-12-11T02:59:47.440592,0.005,0.995,1.0
2025-12-11T02:59:48.055865,0.005,0.995,1.0
2025-12-11T02:59:48.667952,0.005,0.995,1.0
2025-12-11T02:59:49.272035,0.005,0.995,1.0
2025-12-11T02:59:49.887108,0.005,0.995,1.0
2025-12-11T02:59:50.501368,0.005,0.995,1.0
2025-12-11T02:59:51.117090,0.005,0.995,1.0
2025-12-11T02:59:51.734283,0.005,0.995,1.0
2025-12-11T02:59:52.348686,0.005,0.995,1.0
2025-12-11T02:59:52.960113,0.005,0.995,1.0
2025-12-11T02:59:53.575760,0.005,0.995,1.0
2025-12-11T02:59:54.196504,0.005,0.995,1.0
2025-12-11T02:59:54.806763,0.005,0.995,1.0
2025-12-11T02:59:55.422435,0.005,0.995,1.0
2025-12-11T02:59:56.033882,0.005,0.995,1.0
2025-12-11T02:59:56.642153,0.005,0.995,1.0
2025-12-11T02:59:57.256688,0.005,0.995,1.0
2025-12-11T02:59:57.872439,0.005,0.995,1.0
2025-12-11T02:59:58.479657,0.005,0.995,1.0
2025-12-11T02:59:59.092955,0.005,0.995,1.0
2025-12-11T02:59:59.719201,0.005,0.995,1.0
2025-12-11T03:00:00.378226,0.005,0.995,1.0
2025-12-11T03:00:01.002504,0.005,0.995,1.0
2025-12-11T03:00:01.630907,0.005,0.995,1.0
2025-12-11T03:00:02.259790,0.005,0.995,1.0
2025-12-11T03:00:02.900883,0.005,0.995,1.0
2025-12-11T03:00:03.512057,0.005,0.995,1.0
2025-12-11T03:00:04.132000,0.005,0.995,1.0
2025-12-11T03:00:04.744168,0.005,0.995,1.0
2025-12-11T03:00:05.354676,0.005,0.995,1.0
2025-12-11T03:00:05.975638,0.005,0.995,1.0
2025-12-11T03:00:06.591221,0.005,0.995,1.0
2025-12-11T03:00:07.206677,0.005,0.995,1.0
2025-12-11T03:00:07.820684,0.005,0.995,1.0
2025-12-11T03:00:08.426778,0.005,0.995,1.0
2025-12-11T03:00:09.032254,0.005,0.995,1.0
2025-12-11T03:00:09.651072,0.005,0.995,1.0
2025-12-11T03:00:10.286580,0.005,0.995,1.0
2025-12-11T03:00:10.898212,0.005,0.995,1.0
2025-12-11T03:00:11.513389,0.005,0.995,1.0
2025-12-11T03:00:12.126642,0.005,0.995,1.0
2025-12-11T03:00:12.741324,0.005,0.995,1.0
2025-12-11T03:00:11.702943,0.005,0.995,1.0
2025-12-11T03:00:12.317981,0.005,0.995,1.0
2025-12-11T03:00:12.942652,0.005,0.995,1.0
2025-12-11T03:00:13.552999,0.005,0.995,1.0
2025-12-11T03:00:14.166120,0.005,0.995,1.0
2025-12-11T03:00:14.773701,0.005,0.995,1.0
2025-12-11T03:00:15.391360,0.005,0.995,1.0
2025-12-11T03:00:16.000270,0.005,0.995,1.0
2025-12-11T03:00:16.611467,0.005,0.995,1.0
2025-12-11T03:00:17.231569,0.005,0.995,1.0
2025-12-11T03:00:17.832274,0.005,0.995,1.0
2025-12-11T03:00:18.492121,0.005,0.995,1.0
2025-12-11T03:00:19.099549,0.005,0.995,1.0
2025-12-11T03:00:19.698887,0.005,0.995,1.0
2025-12-11T03:00:20.312160,0.005,0.995,1.0
2025-12-11T03:00:20.923125,0.005,0.995,1.0
2025-12-11T03:00:21.545247,0.005,0.995,1.0
2025-12-11T03:00:22.159411,0.005,0.995,1.0
2025-12-11T03:00:22.788180,0.005,0.995,1.0
2025-12-11T03:00:23.415960,0.005,0.995,1.0
2025-12-11T03:00:24.032929,0.005,0.995,1.0
2025-12-11T03:00:24.651202,0.005,0.995,1.0
2025-12-11T03:00:25.285009,0.005,0.995,1.0
2025-12-11T03:00:25.896766,0.005,0.995,1.0
2025-12-11T03:00:26.516524,0.005,0.995,1.0
2025-12-11T03:00:27.137351,0.005,0.995,1.0
2025-12-11T03:00:27.747168,0.005,0.995,1.0
2025-12-11T03:00:28.370146,0.005,0.995,1.0
2025-12-11T03:00:28.993118,0.005,0.995,1.0
2025-12-11T03:00:29.611441,0.005,0.995,1.0
2025-12-11T03:00:30.230120,0.005,0.995,1.0
2025-12-11T03:00:30.840009,0.005,0.995,1.0
2025-12-11T03:00:31.459810,0.005,0.995,1.0
2025-12-11T03:00:32.072423,0.005,0.995,1.0
2025-12-11T03:00:32.691076,0.005,0.995,1.0
2025-12-11T03:00:33.310293,0.005,0.995,1.0
2025-12-11T03:00:33.937580,0.005,0.995,1.0
2025-12-11T03:00:34.551998,0.005,0.995,1.0
2025-12-11T03:00:35.172592,0.005,0.995,1.0
2025-12-11T03:00:35.792946,0.005,0.995,1.0
2025-12-11T03:00:36.405248,0.005,0.995,1.0
2025-12-11T03:00:37.025167,0.005,0.995,1.0
2025-12-11T03:00:37.659740,0.005,0.995,1.0
2025-12-11T03:00:38.279132,0.005,0.995,1.0
2025-12-11T03:00:38.889347,0.005,0.995,1.0
2025-12-11T03:00:39.501530,0.005,0.995,1.0
2025-12-11T03:00:40.116522,0.005,0.995,1.0
2025-12-11T03:00:40.730672,0.005,0.995,1.0
2025-12-11T03:00:41.343778,0.005,0.995,1.0
2025-12-11T03:00:41.951486,0.005,0.995,1.0
2025-12-11T03:00:42.562021,0.005,0.995,1.0
2025-12-11T03:00:43.175996,0.005,0.995,1.0
2025-12-11T03:00:42.165818,0.005,0.995,1.0
2025-12-11T03:00:42.799351,0.005,0.995,1.0
2025-12-11T03:00:43.407743,0.005,0.995,1.0
2025-12-11T03:00:44.029275,0.005,0.995,1.0
2025-12-11T03:00:44.644372,0.005,0.995,1.0
2025-12-11T03:00:45.250589,0.005,0.995,1.0
2025-12-11T03:00:45.861989,0.005,0.995,1.0
2025-12-11T03:00:46.460871,0.005,0.995,1.0
2025-12-11T03:00:47.102284,0.005,0.995,1.0
2025-12-11T03:00:47.715585,0.005,0.995,1.0
2025-12-11T03:00:48.340315,0.005,0.995,1.0
2025-12-11T03:00:48.950357,0.005,0.995,1.0
2025-12-11T03:00:49.572809,0.005,0.995,1.0
2025-12-11T03:00:50.184739,0.005,0.995,1.0
2025-12-11T03:00:50.796317,0.005,0.995,1.0
2025-12-11T03:00:51.414018,0.005,0.995,1.0
2025-12-11T03:00:52.031748,0.005,0.995,1.0
2025-12-11T03:00:52.642315,0.005,0.995,1.0
2025-12-11T03:00:53.257046,0.005,0.995,1.0
2025-12-11T03:00:53.873587,0.005,0.995,1.0
2025-12-11T03:00:54.490745,0.005,0.995,1.0
2025-12-11T03:00:55.102643,0.005,0.995,1.0
2025-12-11T03:00:55.718079,0.005,0.995,1.0
2025-12-11T03:00:56.333806,0.005,0.995,1.0
2025-12-11T03:00:56.947862,0.005,0.995,1.0
2025-12-11T03:00:57.557981,0.005,0.995,1.0
2025-12-11T03:00:58.169763,0.005,0.995,1.0
2025-12-11T03:00:58.778835,0.005,0.995,1.0
2025-12-11T03:00:59.391427,0.005,0.995,1.0
