timestamp,price_yes,price_no,sum_prices
2025-12-11T03:31:00.415333,0.455,0.545,1.0
2025-12-11T03:31:01.025138,0.455,0.545,1.0
2025-12-11T03:31:01.637983,0.455,0.545,1.0
2025-12-11T03:31:02.257563,0.455,0.545,1.0
2025-12-11T03:31:02.873174,0.445,0.555,1.0
2025-12-11T03:31:03.489606,0.435,0.565,1.0
2025-12-11T03:31:04.097366,0.425,0.575,1.0
2025-12-11T03:31:04.708090,0.425,0.575,1.0
2025-12-11T03:31:05.326673,0.425,0.575,1.0
2025-12-11T03:31:05.921739,0.425,0.575,1.0
2025-12-11T03:31:06.532212,0.425,0.575,1.0
2025-12-11T03:31:07.145324,0.425,0.575,1.0
2025-12-11T03:31:07.748365,0.425,0.575,1.0
2025-12-11T03:31:08.344760,0.425,0.575,1.0
2025-12-11T03:31:08.958815,0.405,0.595,1.0
2025-12-11T03:31:09.570039,0.405,0.595,1.0
2025-12-11T03:31:10.179862,0.395,0.605,1.0
2025-12-11T03:31:10.792289,0.39,0.61,1.0
2025-12-11T03:31:11.403508,0.385,0.615,1.0
2025-12-11T03:31:12.015690,0.385,0.61,0.995
2025-12-11T03:31:12.626247,0.385,0.615,1.0
2025-12-11T03:31:13.234707,0.38,0.625,1.005
2025-12-11T03:31:13.839510,0.365,0.635,1.0
2025-12-11T03:31:14.444492,0.37,0.625,0.995
2025-12-11T03:31:15.058478,0.375,0.625,1.0
2025-12-11T03:31:15.653904,0.355,0.645,1.0
2025-12-11T03:31:16.263748,0.355,0.645,1.0
2025-12-11T03:31:16.873937,0.375,0.625,1.0
2025-12-11T03:31:17.486794,0.375,0.625,1.0
2025-12-11T03:31:18.106025,0.375,0.625,1.0
2025-12-11T03:31:18.717304,0.375,0.625,1.0
2025-12-11T03:31:19.329386,0.385,0.615,1.0
2025-12-11T03:31:19.939873,0.405,0.595,1.0
2025-12-11T03:31:20.542153,0.42,0.575,0.9949999999999999
2025-12-11T03:31:21.139086,0.44,0.56,1.0
2025-12-11T03:31:21.743797,0.445,0.555,1.0
2025-12-11T03:31:22.366710,0.445,0.555,1.0
2025-12-11T03:31:21.365111,0.445,0.555,1.0
2025-12-11T03:31:21.986421,0.435,0.565,1.0
2025-12-11T03:31:22.585224,0.435,0.565,1.0
2025-12-11T03:31:23.185115,0.425,0.575,1.0
2025-12-11T03:31:23.792071,0.415,0.585,1.0
2025-12-11T03:31:24.400150,0.415,0.585,1.0
2025-12-11T03:31:25.007046,0.415,0.585,1.0
2025-12-11T03:31:25.620418,0.415,0.585,1.0
2025-12-11T03:31:26.217676,0.41,0.59,1.0
2025-12-11T03:31:26.826306,0.41,0.59,1.0
2025-12-11T03:31:27.436479,0.415,0.585,1.0
2025-12-11T03:31:28.054386,0.415,0.585,1.0
2025-12-11T03:31:28.662256,0.415,0.585,1.0
2025-12-11T03:31:29.273666,0.415,0.585,1.0
2025-12-11T03:31:29.870061,0.415,0.585,1.0
2025-12-11T03:31:30.472201,0.43,0.57,1.0
2025-12-11T03:31:31.084604,0.43,0.57,1.0
2025-12-11T03:31:31.694321,0.435,0.565,1.0
2025-12-11T03:31:32.294915,0.425,0.575,1.0
2025-12-11T03:31:32.897581,0.44,0.56,1.0
2025-12-11T03:31:33.497915,0.445,0.555,1.0
2025-12-11T03:31:34.099586,0.435,0.565,1.0
2025-12-11T03:31:34.717672,0.43,0.575,1.005
2025-12-11T03:31:35.327831,0.425,0.56,0.9850000000000001
2025-12-11T03:31:35.941581,0.415,0.585,1.0
2025-12-11T03:31:36.536867,0.425,0.575,1.0
2025-12-11T03:31:37.135934,0.415,0.585,1.0
2025-12-11T03:31:37.734557,0.415,0.585,1.0
2025-12-11T03:31:38.346626,0.415,0.59,1.005
2025-12-11T03:31:38.958772,0.41,0.59,1.0
2025-12-11T03:31:39.572185,0.405,0.595,1.0
2025-12-11T03:31:40.168803,0.41,0.59,1.0
2025-12-11T03:31:40.774340,0.405,0.595,1.0
2025-12-11T03:31:41.388264,0.4,0.6,1.0
2025-12-11T03:31:41.992643,0.4,0.6,1.0
2025-12-11T03:31:42.599057,0.4,0.605,1.005
2025-12-11T03:31:43.199267,0.395,0.605,1.0
2025-12-11T03:31:43.793354,0.395,0.605,1.0
2025-12-11T03:31:44.398115,0.395,0.605,1.0
2025-12-11T03:31:45.001754,0.395,0.605,1.0
2025-12-11T03:31:45.614817,0.395,0.605,1.0
2025-12-11T03:31:46.224921,0.395,0.605,1.0
2025-12-11T03:31:46.843471,0.405,0.595,1.0
2025-12-11T03:31:47.459657,0.405,0.595,1.0
2025-12-11T03:31:48.149208,0.41,0.595,1.005
2025-12-11T03:31:48.765314,0.42,0.58,1.0
2025-12-11T03:31:49.377258,0.395,0.605,1.0
2025-12-11T03:31:49.983123,0.395,0.605,1.0
2025-12-11T03:31:50.595718,0.385,0.615,1.0
2025-12-11T03:31:51.208463,0.385,0.615,1.0
2025-12-11T03:31:51.815967,0.375,0.625,1.0
2025-12-11T03:31:52.416617,0.385,0.615,1.0
2025-12-11T03:31:53.027373,0.385,0.615,1.0
2025-12-11T03:31:52.038288,0.375,0.625,1.0
2025-12-11T03:31:52.642378,0.375,0.625,1.0
2025-12-11T03:31:53.263054,0.37,0.63,1.0
2025-12-11T03:31:53.867067,0.375,0.625,1.0
2025-12-11T03:31:54.479298,0.375,0.625,1.0
2025-12-11T03:31:55.086536,0.375,0.62,0.995
2025-12-11T03:31:55.694697,0.385,0.615,1.0
2025-12-11T03:31:56.302675,0.395,0.605,1.0
2025-12-11T03:31:56.896502,0.39,0.61,1.0
2025-12-11T03:31:57.505833,0.385,0.615,1.0
2025-12-11T03:31:58.101271,0.385,0.615,1.0
2025-12-11T03:31:58.708337,0.375,0.625,1.0
2025-12-11T03:31:59.317175,0.375,0.625,1.0
2025-12-11T03:31:59.927176,0.385,0.615,1.0
2025-12-11T03:32:00.525884,0.395,0.605,1.0
2025-12-11T03:32:01.124073,0.4,0.6,1.0
2025-12-11T03:32:01.736842,0.395,0.605,1.0
2025-12-11T03:32:02.350340,0.385,0.615,1.0
2025-12-11T03:32:02.965063,0.375,0.625,1.0
2025-12-11T03:32:03.573520,0.365,0.635,1.0
2025-12-11T03:32:04.195801,0.365,0.64,1.005
2025-12-11T03:32:04.804305,0.355,0.645,1.0
2025-12-11T03:32:05.400742,0.36,0.635,0.995
2025-12-11T03:32:05.999346,0.355,0.645,1.0
2025-12-11T03:32:06.604125,0.345,0.655,1.0
2025-12-11T03:32:07.213707,0.37,0.635,1.005
2025-12-11T03:32:07.824708,0.375,0.62,0.995
2025-12-11T03:32:08.422650,0.385,0.615,1.0
2025-12-11T03:32:09.024737,0.385,0.615,1.0
2025-12-11T03:32:09.624913,0.395,0.605,1.0
2025-12-11T03:32:10.236448,0.39,0.61,1.0
2025-12-11T03:32:10.843246,0.385,0.615,1.0
2025-12-11T03:32:11.453201,0.385,0.615,1.0
2025-12-11T03:32:12.066337,0.39,0.61,1.0
2025-12-11T03:32:12.668594,0.375,0.625,1.0
2025-12-11T03:32:13.270854,0.365,0.635,1.0
2025-12-11T03:32:13.894398,0.365,0.635,1.0
2025-12-11T03:32:14.504250,0.355,0.645,1.0
2025-12-11T03:32:15.124947,0.355,0.645,1.0
2025-12-11T03:32:15.729098,0.345,0.655,1.0
2025-12-11T03:32:16.331301,0.345,0.655,1.0
2025-12-11T03:32:16.965807,0.325,0.675,1.0
2025-12-11T03:32:17.621326,0.315,0.685,1.0
2025-12-11T03:32:18.223642,0.315,0.685,1.0
2025-12-11T03:32:18.823111,0.315,0.685,1.0
2025-12-11T03:32:19.436637,0.305,0.705,1.01
2025-12-11T03:32:20.047915,0.295,0.705,1.0
2025-12-11T03:32:20.654935,0.295,0.705,1.0
2025-12-11T03:32:21.276116,0.285,0.7,0.9849999999999999
2025-12-11T03:32:21.874970,0.295,0.705,1.0
2025-12-11T03:32:22.482785,0.315,0.675,0.99
2025-12-11T03:32:23.096860,0.33,0.665,0.9950000000000001
2025-12-11T03:32:23.717865,0.335,0.67,1.0050000000000001
2025-12-11T03:32:22.710131,0.325,0.67,0.9950000000000001
2025-12-11T03:32:23.308576,0.335,0.665,1.0
2025-12-11T03:32:23.909130,0.335,0.665,1.0
2025-12-11T03:32:24.517637,0.335,0.665,1.0
2025-12-11T03:32:25.130500,0.335,0.665,1.0
2025-12-11T03:32:25.741401,0.335,0.665,1.0
2025-12-11T03:32:26.354489,0.335,0.665,1.0
2025-12-11T03:32:26.957850,0.335,0.67,1.0050000000000001
2025-12-11T03:32:27.586814,0.325,0.675,1.0
2025-12-11T03:32:28.206279,0.335,0.665,1.0
2025-12-11T03:32:28.814148,0.335,0.665,1.0
2025-12-11T03:32:29.428626,0.335,0.665,1.0
2025-12-11T03:32:30.052408,0.32,0.685,1.0050000000000001
2025-12-11T03:32:30.660957,0.325,0.675,1.0
2025-12-11T03:32:31.267341,0.33,0.67,1.0
2025-12-11T03:32:31.878218,0.33,0.67,1.0
2025-12-11T03:32:32.488503,0.325,0.675,1.0
2025-12-11T03:32:33.101529,0.325,0.67,0.9950000000000001
2025-12-11T03:32:33.715229,0.33,0.67,1.0
2025-12-11T03:32:34.330836,0.325,0.675,1.0
2025-12-11T03:32:34.936381,0.32,0.68,1.0
2025-12-11T03:32:35.551110,0.325,0.675,1.0
2025-12-11T03:32:36.160338,0.335,0.665,1.0
2025-12-11T03:32:36.776171,0.345,0.655,1.0
2025-12-11T03:32:37.391193,0.345,0.655,1.0
2025-12-11T03:32:38.000924,0.35,0.65,1.0
2025-12-11T03:32:38.612432,0.355,0.645,1.0
2025-12-11T03:32:39.221953,0.355,0.645,1.0
2025-12-11T03:32:39.831692,0.365,0.635,1.0
2025-12-11T03:32:40.445823,0.36,0.645,1.005
2025-12-11T03:32:41.052753,0.345,0.655,1.0
2025-12-11T03:32:41.664367,0.335,0.665,1.0
2025-12-11T03:32:42.286167,0.335,0.665,1.0
2025-12-11T03:32:42.885762,0.33,0.67,1.0
2025-12-11T03:32:43.496006,0.335,0.665,1.0
2025-12-11T03:32:44.090135,0.33,0.675,1.0050000000000001
2025-12-11T03:32:44.706512,0.325,0.675,1.0
2025-12-11T03:32:45.318232,0.32,0.68,1.0
2025-12-11T03:32:45.929673,0.325,0.675,1.0
2025-12-11T03:32:46.538295,0.34,0.66,1.0
2025-12-11T03:32:47.148048,0.345,0.655,1.0
2025-12-11T03:32:47.764114,0.345,0.655,1.0
2025-12-11T03:32:48.374669,0.345,0.655,1.0
2025-12-11T03:32:48.985203,0.345,0.655,1.0
2025-12-11T03:32:49.594163,0.365,0.635,1.0
2025-12-11T03:32:50.204555,0.375,0.625,1.0
2025-12-11T03:32:50.827598,0.365,0.64,1.005
2025-12-11T03:32:51.474870,0.345,0.645,0.99
2025-12-11T03:32:52.085047,0.355,0.645,1.0
2025-12-11T03:32:52.682105,0.335,0.665,1.0
2025-12-11T03:32:53.278475,0.32,0.68,1.0
2025-12-11T03:32:53.877877,0.33,0.67,1.0
2025-12-11T03:32:54.483156,0.33,0.67,1.0
2025-12-11T03:32:53.487427,0.33,0.67,1.0
2025-12-11T03:32:54.112327,0.335,0.665,1.0
2025-12-11T03:32:54.736812,0.335,0.665,1.0
2025-12-11T03:32:55.356433,0.335,0.665,1.0
2025-12-11T03:32:55.958385,0.335,0.665,1.0
2025-12-11T03:32:56.575766,0.335,0.665,1.0
2025-12-11T03:32:57.189942,0.33,0.67,1.0
2025-12-11T03:32:57.798513,0.335,0.665,1.0
2025-12-11T03:32:58.397750,0.335,0.665,1.0
2025-12-11T03:32:59.012021,0.325,0.675,1.0
2025-12-11T03:32:59.633543,0.31,0.695,1.005
2025-12-11T03:33:00.248047,0.295,0.705,1.0
2025-12-11T03:33:00.900299,0.31,0.69,1.0
2025-12-11T03:33:01.518585,0.33,0.67,1.0
2025-12-11T03:33:02.132140,0.335,0.66,0.9950000000000001
2025-12-11T03:33:02.743006,0.345,0.655,1.0
2025-12-11T03:33:03.354185,0.345,0.655,1.0
2025-12-11T03:33:03.966911,0.345,0.655,1.0
2025-12-11T03:33:04.594118,0.345,0.655,1.0
2025-12-11T03:33:05.204784,0.345,0.655,1.0
2025-12-11T03:33:05.817710,0.345,0.655,1.0
2025-12-11T03:33:06.415779,0.365,0.635,1.0
2025-12-11T03:33:07.027611,0.375,0.63,1.005
2025-12-11T03:33:07.626693,0.37,0.63,1.0
2025-12-11T03:33:08.259940,0.365,0.63,0.995
2025-12-11T03:33:08.884492,0.375,0.625,1.0
2025-12-11T03:33:09.490973,0.375,0.62,0.995
2025-12-11T03:33:10.109685,0.39,0.61,1.0
2025-12-11T03:33:10.721906,0.395,0.605,1.0
2025-12-11T03:33:11.334352,0.405,0.595,1.0
2025-12-11T03:33:11.937549,0.405,0.595,1.0
2025-12-11T03:33:12.542962,0.405,0.595,1.0
2025-12-11T03:33:13.157650,0.415,0.585,1.0
2025-12-11T03:33:13.770169,0.415,0.585,1.0
2025-12-11T03:33:14.394327,0.415,0.585,1.0
2025-12-11T03:33:15.009596,0.415,0.58,0.9949999999999999
2025-12-11T03:33:15.629468,0.435,0.565,1.0
2025-12-11T03:33:16.238729,0.435,0.565,1.0
2025-12-11T03:33:16.853210,0.425,0.575,1.0
2025-12-11T03:33:17.459062,0.425,0.575,1.0
2025-12-11T03:33:18.061669,0.425,0.565,0.99
2025-12-11T03:33:18.674328,0.435,0.565,1.0
2025-12-11T03:33:19.274465,0.455,0.535,0.99
2025-12-11T03:33:19.881160,0.475,0.525,1.0
2025-12-11T03:33:20.491878,0.485,0.515,1.0
2025-12-11T03:33:21.089166,0.485,0.515,1.0
2025-12-11T03:33:21.701432,0.485,0.51,0.995
2025-12-11T03:33:22.309918,0.475,0.525,1.0
2025-12-11T03:33:22.942135,0.475,0.525,1.0
2025-12-11T03:33:23.557228,0.465,0.535,1.0
2025-12-11T03:33:24.165946,0.465,0.535,1.0
2025-12-11T03:33:24.787056,0.455,0.545,1.0
2025-12-11T03:33:23.783825,0.465,0.535,1.0
2025-12-11T03:33:24.396290,0.455,0.545,1.0
2025-12-11T03:33:25.000072,0.455,0.545,1.0
2025-12-11T03:33:25.616712,0.455,0.545,1.0
2025-12-11T03:33:26.227506,0.445,0.555,1.0
2025-12-11T03:33:26.847483,0.445,0.565,1.01
2025-12-11T03:33:27.465790,0.43,0.57,1.0
2025-12-11T03:33:28.112025,0.425,0.575,1.0
2025-12-11T03:33:28.717244,0.425,0.57,0.9949999999999999
2025-12-11T03:33:29.323229,0.425,0.575,1.0
2025-12-11T03:33:29.917955,0.435,0.565,1.0
2025-12-11T03:33:30.520131,0.435,0.56,0.9950000000000001
2025-12-11T03:33:31.117612,0.44,0.56,1.0
2025-12-11T03:33:31.740292,0.44,0.56,1.0
2025-12-11T03:33:32.341226,0.435,0.565,1.0
2025-12-11T03:33:32.936916,0.425,0.575,1.0
2025-12-11T03:33:33.539174,0.425,0.575,1.0
2025-12-11T03:33:34.137371,0.425,0.575,1.0
2025-12-11T03:33:34.740929,0.415,0.585,1.0
2025-12-11T03:33:35.345772,0.395,0.605,1.0
2025-12-11T03:33:35.945525,0.375,0.62,0.995
2025-12-11T03:33:36.559214,0.385,0.615,1.0
2025-12-11T03:33:37.167416,0.385,0.615,1.0
2025-12-11T03:33:37.770718,0.385,0.615,1.0
2025-12-11T03:33:38.368526,0.375,0.63,1.005
2025-12-11T03:33:38.973210,0.36,0.635,0.995
2025-12-11T03:33:39.579623,0.355,0.645,1.0
2025-12-11T03:33:40.186292,0.355,0.645,1.0
2025-12-11T03:33:40.797313,0.355,0.645,1.0
2025-12-11T03:33:41.402207,0.355,0.645,1.0
2025-12-11T03:33:42.012786,0.355,0.645,1.0
2025-12-11T03:33:42.616032,0.355,0.645,1.0
2025-12-11T03:33:43.225084,0.35,0.65,1.0
2025-12-11T03:33:43.840168,0.35,0.65,1.0
2025-12-11T03:33:44.444331,0.345,0.655,1.0
2025-12-11T03:33:45.066986,0.335,0.665,1.0
2025-12-11T03:33:45.670395,0.335,0.665,1.0
2025-12-11T03:33:46.270814,0.335,0.665,1.0
2025-12-11T03:33:46.878323,0.31,0.695,1.005
2025-12-11T03:33:47.487764,0.305,0.685,0.99
2025-12-11T03:33:48.119591,0.305,0.695,1.0
2025-12-11T03:33:48.723589,0.305,0.695,1.0
2025-12-11T03:33:49.332102,0.315,0.685,1.0
2025-12-11T03:33:49.935544,0.315,0.685,1.0
2025-12-11T03:33:50.538894,0.315,0.69,1.005
2025-12-11T03:33:51.141991,0.305,0.695,1.0
2025-12-11T03:33:51.746782,0.31,0.69,1.0
2025-12-11T03:33:52.357437,0.305,0.695,1.0
2025-12-11T03:33:52.961798,0.295,0.705,1.0
2025-12-11T03:33:53.560597,0.305,0.695,1.0
2025-12-11T03:33:54.166178,0.305,0.695,1.0
2025-12-11T03:33:54.802780,0.305,0.695,1.0
2025-12-11T03:33:55.407859,0.305,0.695,1.0
2025-12-11T03:33:54.411938,0.305,0.695,1.0
2025-12-11T03:33:55.025523,0.3,0.7,1.0
2025-12-11T03:33:55.634619,0.305,0.695,1.0
2025-12-11T03:33:56.242882,0.335,0.665,1.0
2025-12-11T03:33:56.851582,0.34,0.66,1.0
2025-12-11T03:33:57.464412,0.345,0.655,1.0
2025-12-11T03:33:58.065650,0.34,0.66,1.0
2025-12-11T03:33:58.678201,0.345,0.655,1.0
2025-12-11T03:33:59.298510,0.345,0.655,1.0
2025-12-11T03:33:59.905711,0.345,0.655,1.0
2025-12-11T03:34:00.519021,0.345,0.655,1.0
2025-12-11T03:34:01.135871,0.345,0.655,1.0
2025-12-11T03:34:01.748579,0.345,0.655,1.0
2025-12-11T03:34:02.359541,0.345,0.655,1.0
2025-12-11T03:34:02.961204,0.345,0.655,1.0
2025-12-11T03:34:03.579084,0.325,0.675,1.0
2025-12-11T03:34:04.179290,0.325,0.675,1.0
2025-12-11T03:34:04.784732,0.325,0.675,1.0
2025-12-11T03:34:05.390981,0.325,0.675,1.0
2025-12-11T03:34:05.993770,0.315,0.685,1.0
2025-12-11T03:34:06.596415,0.305,0.695,1.0
2025-12-11T03:34:07.207357,0.3,0.7,1.0
2025-12-11T03:34:07.813213,0.305,0.695,1.0
2025-12-11T03:34:08.414448,0.315,0.685,1.0
2025-12-11T03:34:09.008794,0.315,0.685,1.0
2025-12-11T03:34:09.692318,0.32,0.68,1.0
2025-12-11T03:34:10.293488,0.31,0.69,1.0
2025-12-11T03:34:10.900646,0.315,0.685,1.0
2025-12-11T03:34:11.514779,0.33,0.67,1.0
2025-12-11T03:34:12.116201,0.33,0.67,1.0
2025-12-11T03:34:12.717850,0.33,0.67,1.0
2025-12-11T03:34:13.320839,0.325,0.68,1.0050000000000001
2025-12-11T03:34:13.919170,0.315,0.685,1.0
2025-12-11T03:34:14.529315,0.305,0.695,1.0
2025-12-11T03:34:15.139822,0.295,0.705,1.0
2025-12-11T03:34:15.746909,0.295,0.705,1.0
2025-12-11T03:34:16.347584,0.295,0.705,1.0
2025-12-11T03:34:16.952258,0.31,0.69,1.0
2025-12-11T03:34:17.554419,0.31,0.69,1.0
2025-12-11T03:34:18.161184,0.31,0.69,1.0
2025-12-11T03:34:18.771533,0.315,0.685,1.0
2025-12-11T03:34:19.379732,0.315,0.685,1.0
2025-12-11T03:34:19.985624,0.33,0.67,1.0
2025-12-11T03:34:20.595758,0.335,0.665,1.0
2025-12-11T03:34:21.200737,0.335,0.665,1.0
2025-12-11T03:34:21.808316,0.335,0.665,1.0
2025-12-11T03:34:22.412080,0.325,0.675,1.0
2025-12-11T03:34:23.018708,0.315,0.685,1.0
2025-12-11T03:34:23.623040,0.33,0.675,1.0050000000000001
2025-12-11T03:34:24.229065,0.33,0.665,0.9950000000000001
2025-12-11T03:34:24.841336,0.33,0.67,1.0
2025-12-11T03:34:25.450933,0.33,0.67,1.0
2025-12-11T03:34:26.059822,0.33,0.665,0.9950000000000001
2025-12-11T03:34:25.046427,0.33,0.67,1.0
2025-12-11T03:34:25.648098,0.325,0.675,1.0
2025-12-11T03:34:26.254382,0.325,0.675,1.0
2025-12-11T03:34:26.867223,0.33,0.67,1.0
2025-12-11T03:34:27.481590,0.33,0.67,1.0
2025-12-11T03:34:28.089894,0.33,0.67,1.0
2025-12-11T03:34:28.704761,0.33,0.67,1.0
2025-12-11T03:34:29.322054,0.33,0.67,1.0
2025-12-11T03:34:29.918254,0.33,0.67,1.0
2025-12-11T03:34:30.523092,0.33,0.67,1.0
2025-12-11T03:34:31.137979,0.325,0.675,1.0
2025-12-11T03:34:31.755672,0.325,0.675,1.0
2025-12-11T03:34:32.370108,0.325,0.675,1.0
2025-12-11T03:34:32.986751,0.325,0.675,1.0
2025-12-11T03:34:33.588520,0.325,0.675,1.0
2025-12-11T03:34:34.196835,0.335,0.665,1.0
2025-12-11T03:34:34.814751,0.345,0.655,1.0
2025-12-11T03:34:35.428561,0.365,0.635,1.0
2025-12-11T03:34:36.045930,0.385,0.62,1.005
2025-12-11T03:34:36.658190,0.385,0.615,1.0
2025-12-11T03:34:37.266726,0.385,0.615,1.0
2025-12-11T03:34:37.881104,0.395,0.605,1.0
2025-12-11T03:34:38.498167,0.39,0.61,1.0
2025-12-11T03:34:39.115758,0.395,0.605,1.0
2025-12-11T03:34:39.719641,0.41,0.585,0.9949999999999999
2025-12-11T03:34:40.324387,0.415,0.585,1.0
2025-12-11T03:34:40.934007,0.415,0.585,1.0
2025-12-11T03:34:41.553931,0.41,0.585,0.9949999999999999
2025-12-11T03:34:42.177198,0.39,0.61,1.0
2025-12-11T03:34:42.776338,0.375,0.625,1.0
2025-12-11T03:34:43.376150,0.375,0.625,1.0
2025-12-11T03:34:43.987703,0.37,0.63,1.0
2025-12-11T03:34:44.595096,0.365,0.635,1.0
2025-12-11T03:34:45.225310,0.365,0.635,1.0
2025-12-11T03:34:45.838512,0.37,0.625,0.995
2025-12-11T03:34:46.441506,0.375,0.625,1.0
2025-12-11T03:34:47.044969,0.365,0.635,1.0
2025-12-11T03:34:47.662212,0.365,0.635,1.0
2025-12-11T03:34:48.290421,0.355,0.645,1.0
2025-12-11T03:34:48.906640,0.345,0.655,1.0
2025-12-11T03:34:49.512066,0.345,0.655,1.0
2025-12-11T03:34:50.118342,0.345,0.655,1.0
2025-12-11T03:34:50.727493,0.345,0.655,1.0
2025-12-11T03:34:51.342887,0.335,0.665,1.0
2025-12-11T03:34:51.962216,0.345,0.655,1.0
2025-12-11T03:34:52.573839,0.35,0.65,1.0
2025-12-11T03:34:53.178790,0.35,0.65,1.0
2025-12-11T03:34:53.791625,0.35,0.65,1.0
2025-12-11T03:34:54.406171,0.35,0.65,1.0
2025-12-11T03:34:55.024502,0.345,0.655,1.0
2025-12-11T03:34:55.649008,0.345,0.655,1.0
2025-12-11T03:34:56.254189,0.345,0.655,1.0
2025-12-11T03:34:56.864123,0.345,0.655,1.0
2025-12-11T03:34:55.858280,0.345,0.655,1.0
2025-12-11T03:34:56.473270,0.335,0.665,1.0
2025-12-11T03:34:57.085365,0.345,0.655,1.0
2025-12-11T03:34:57.684790,0.34,0.665,1.0050000000000001
2025-12-11T03:34:58.290027,0.325,0.675,1.0
2025-12-11T03:34:58.903415,0.33,0.67,1.0
2025-12-11T03:34:59.523336,0.33,0.67,1.0
2025-12-11T03:35:00.138774,0.33,0.67,1.0
2025-12-11T03:35:00.752422,0.33,0.67,1.0
2025-12-11T03:35:01.368483,0.315,0.685,1.0
2025-12-11T03:35:01.984405,0.305,0.695,1.0
2025-12-11T03:35:02.614180,0.31,0.69,1.0
2025-12-11T03:35:03.230392,0.31,0.69,1.0
2025-12-11T03:35:03.854204,0.305,0.695,1.0
2025-12-11T03:35:04.469201,0.31,0.69,1.0
2025-12-11T03:35:05.089864,0.31,0.695,1.005
2025-12-11T03:35:05.707980,0.295,0.705,1.0
2025-12-11T03:35:06.322008,0.29,0.71,1.0
2025-12-11T03:35:06.928843,0.29,0.71,1.0
2025-12-11T03:35:07.545641,0.29,0.71,1.0
2025-12-11T03:35:08.160413,0.29,0.71,1.0
2025-12-11T03:35:08.772777,0.295,0.705,1.0
2025-12-11T03:35:09.373727,0.295,0.705,1.0
2025-12-11T03:35:09.986344,0.3,0.7,1.0
2025-12-11T03:35:10.599396,0.3,0.7,1.0
2025-12-11T03:35:11.210582,0.3,0.7,1.0
2025-12-11T03:35:11.824836,0.3,0.7,1.0
2025-12-11T03:35:12.437960,0.3,0.695,0.9949999999999999
2025-12-11T03:35:13.056127,0.295,0.705,1.0
2025-12-11T03:35:13.668341,0.295,0.705,1.0
2025-12-11T03:35:14.282326,0.315,0.685,1.0
2025-12-11T03:35:14.885955,0.315,0.685,1.0
2025-12-11T03:35:15.502945,0.315,0.685,1.0
2025-12-11T03:35:16.117194,0.31,0.695,1.005
2025-12-11T03:35:16.730227,0.31,0.69,1.0
2025-12-11T03:35:17.342136,0.31,0.69,1.0
2025-12-11T03:35:17.951772,0.31,0.69,1.0
2025-12-11T03:35:18.559324,0.31,0.69,1.0
2025-12-11T03:35:19.172431,0.31,0.69,1.0
2025-12-11T03:35:19.779966,0.31,0.69,1.0
2025-12-11T03:35:20.399978,0.31,0.69,1.0
2025-12-11T03:35:21.006282,0.315,0.685,1.0
2025-12-11T03:35:21.609462,0.315,0.68,0.9950000000000001
2025-12-11T03:35:22.242356,0.325,0.675,1.0
2025-12-11T03:35:22.846570,0.335,0.665,1.0
2025-12-11T03:35:23.464635,0.34,0.66,1.0
2025-12-11T03:35:24.066026,0.34,0.665,1.0050000000000001
2025-12-11T03:35:24.670123,0.335,0.665,1.0
2025-12-11T03:35:25.276332,0.325,0.675,1.0
2025-12-11T03:35:25.878325,0.31,0.69,1.0
2025-12-11T03:35:26.488479,0.325,0.675,1.0
2025-12-11T03:35:27.103286,0.325,0.675,1.0
2025-12-11T03:35:27.707049,0.325,0.675,1.0
2025-12-11T03:35:26.741137,0.335,0.665,1.0
2025-12-11T03:35:27.356357,0.345,0.655,1.0
2025-12-11T03:35:27.969301,0.345,0.655,1.0
2025-12-11T03:35:28.577277,0.365,0.635,1.0
2025-12-11T03:35:29.188427,0.375,0.625,1.0
2025-12-11T03:35:29.806930,0.395,0.605,1.0
2025-12-11T03:35:30.424675,0.405,0.595,1.0
2025-12-11T03:35:31.043917,0.415,0.585,1.0
2025-12-11T03:35:31.647992,0.415,0.585,1.0
2025-12-11T03:35:32.261369,0.425,0.575,1.0
2025-12-11T03:35:32.879068,0.42,0.58,1.0
2025-12-11T03:35:33.503805,0.425,0.575,1.0
2025-12-11T03:35:34.119506,0.435,0.565,1.0
2025-12-11T03:35:34.727671,0.435,0.565,1.0
2025-12-11T03:35:35.337621,0.435,0.565,1.0
2025-12-11T03:35:35.947268,0.445,0.555,1.0
2025-12-11T03:35:36.560328,0.445,0.555,1.0
2025-12-11T03:35:37.173510,0.455,0.545,1.0
2025-12-11T03:35:37.774555,0.485,0.515,1.0
2025-12-11T03:35:38.382163,0.485,0.515,1.0
2025-12-11T03:35:38.988146,0.485,0.515,1.0
2025-12-11T03:35:39.595370,0.495,0.505,1.0
2025-12-11T03:35:40.206717,0.485,0.515,1.0
2025-12-11T03:35:40.808711,0.485,0.515,1.0
2025-12-11T03:35:41.417670,0.495,0.505,1.0
2025-12-11T03:35:42.031669,0.495,0.505,1.0
2025-12-11T03:35:42.634906,0.495,0.505,1.0
2025-12-11T03:35:43.243086,0.485,0.515,1.0
2025-12-11T03:35:43.844160,0.485,0.515,1.0
2025-12-11T03:35:44.520201,0.485,0.505,0.99
2025-12-11T03:35:45.121326,0.495,0.505,1.0
2025-12-11T03:35:45.736213,0.505,0.495,1.0
2025-12-11T03:35:46.343452,0.495,0.505,1.0
2025-12-11T03:35:46.938586,0.495,0.505,1.0
2025-12-11T03:35:47.571440,0.485,0.515,1.0
2025-12-11T03:35:48.184431,0.495,0.505,1.0
2025-12-11T03:35:48.790189,0.5,0.505,1.005
2025-12-11T03:35:49.394659,0.49,0.51,1.0
2025-12-11T03:35:50.004096,0.485,0.515,1.0
2025-12-11T03:35:50.611677,0.485,0.515,1.0
2025-12-11T03:35:51.235482,0.475,0.525,1.0
2025-12-11T03:35:51.850069,0.485,0.515,1.0
2025-12-11T03:35:52.475595,0.495,0.505,1.0
2025-12-11T03:35:53.073371,0.5,0.495,0.995
2025-12-11T03:35:53.751576,0.505,0.495,1.0
2025-12-11T03:35:54.348318,0.485,0.515,1.0
2025-12-11T03:35:54.955196,0.475,0.52,0.995
2025-12-11T03:35:55.560797,0.475,0.525,1.0
2025-12-11T03:35:56.170928,0.495,0.505,1.0
2025-12-11T03:35:56.780959,0.49,0.515,1.005
2025-12-11T03:35:57.385419,0.48,0.515,0.995
2025-12-11T03:35:57.996733,0.485,0.515,1.0
2025-12-11T03:35:56.992527,0.455,0.55,1.0050000000000001
2025-12-11T03:35:57.599308,0.445,0.555,1.0
2025-12-11T03:35:58.195039,0.445,0.56,1.0050000000000001
2025-12-11T03:35:58.800615,0.435,0.565,1.0
2025-12-11T03:35:59.408473,0.45,0.55,1.0
2025-12-11T03:36:00.022243,0.455,0.545,1.0
2025-12-11T03:36:00.633164,0.46,0.54,1.0
2025-12-11T03:36:01.247854,0.45,0.55,1.0
2025-12-11T03:36:01.846892,0.435,0.565,1.0
2025-12-11T03:36:02.456028,0.43,0.57,1.0
2025-12-11T03:36:03.076108,0.425,0.575,1.0
2025-12-11T03:36:03.684963,0.425,0.575,1.0
2025-12-11T03:36:04.286620,0.425,0.575,1.0
2025-12-11T03:36:04.899703,0.415,0.585,1.0
2025-12-11T03:36:05.511986,0.405,0.595,1.0
2025-12-11T03:36:06.133620,0.41,0.585,0.9949999999999999
2025-12-11T03:36:06.746931,0.41,0.59,1.0
2025-12-11T03:36:07.360827,0.405,0.595,1.0
2025-12-11T03:36:07.976231,0.415,0.605,1.02
2025-12-11T03:36:08.580652,0.395,0.605,1.0
2025-12-11T03:36:09.194207,0.415,0.585,1.0
2025-12-11T03:36:09.809317,0.415,0.585,1.0
2025-12-11T03:36:10.427330,0.415,0.585,1.0
2025-12-11T03:36:11.041075,0.41,0.59,1.0
2025-12-11T03:36:11.644983,0.405,0.595,1.0
2025-12-11T03:36:12.251832,0.405,0.595,1.0
2025-12-11T03:36:12.859883,0.395,0.605,1.0
2025-12-11T03:36:13.473508,0.375,0.63,1.005
2025-12-11T03:36:14.087890,0.355,0.645,1.0
2025-12-11T03:36:14.686695,0.345,0.655,1.0
2025-12-11T03:36:15.300497,0.335,0.665,1.0
2025-12-11T03:36:15.915305,0.315,0.685,1.0
2025-12-11T03:36:16.546139,0.315,0.685,1.0
2025-12-11T03:36:17.157399,0.315,0.675,0.99
2025-12-11T03:36:17.771243,0.325,0.675,1.0
2025-12-11T03:36:18.378806,0.325,0.675,1.0
2025-12-11T03:36:18.988686,0.325,0.675,1.0
2025-12-11T03:36:19.588436,0.335,0.665,1.0
2025-12-11T03:36:20.196234,0.335,0.665,1.0
2025-12-11T03:36:20.803017,0.335,0.665,1.0
2025-12-11T03:36:21.408204,0.34,0.66,1.0
2025-12-11T03:36:22.016996,0.335,0.665,1.0
2025-12-11T03:36:22.625558,0.335,0.665,1.0
2025-12-11T03:36:23.227206,0.345,0.655,1.0
2025-12-11T03:36:23.834676,0.31,0.695,1.005
2025-12-11T03:36:24.444960,0.32,0.685,1.0050000000000001
2025-12-11T03:36:25.060031,0.31,0.69,1.0
2025-12-11T03:36:25.667137,0.305,0.695,1.0
2025-12-11T03:36:26.273537,0.315,0.685,1.0
2025-12-11T03:36:26.885501,0.315,0.685,1.0
2025-12-11T03:36:27.505139,0.315,0.685,1.0
2025-12-11T03:36:28.115815,0.31,0.69,1.0
2025-12-11T03:36:28.745516,0.305,0.695,1.0
2025-12-11T03:36:27.751272,0.325,0.675,1.0
2025-12-11T03:36:28.370079,0.315,0.685,1.0
2025-12-11T03:36:28.981645,0.315,0.685,1.0
2025-12-11T03:36:29.598116,0.305,0.695,1.0
2025-12-11T03:36:30.210153,0.305,0.695,1.0
2025-12-11T03:36:30.833551,0.305,0.695,1.0
2025-12-11T03:36:31.443367,0.305,0.695,1.0
2025-12-11T03:36:32.052097,0.305,0.695,1.0
2025-12-11T03:36:32.662846,0.305,0.695,1.0
2025-12-11T03:36:33.280141,0.31,0.69,1.0
2025-12-11T03:36:33.898668,0.285,0.72,1.005
2025-12-11T03:36:34.513618,0.275,0.725,1.0
2025-12-11T03:36:35.126108,0.285,0.715,1.0
2025-12-11T03:36:35.742460,0.285,0.715,1.0
2025-12-11T03:36:36.361115,0.29,0.71,1.0
2025-12-11T03:36:36.992704,0.285,0.715,1.0
2025-12-11T03:36:37.610229,0.27,0.73,1.0
2025-12-11T03:36:38.219192,0.275,0.725,1.0
2025-12-11T03:36:38.834873,0.275,0.725,1.0
2025-12-11T03:36:39.450898,0.275,0.725,1.0
2025-12-11T03:36:40.064705,0.275,0.725,1.0
2025-12-11T03:36:40.682728,0.275,0.725,1.0
2025-12-11T03:36:41.301693,0.275,0.725,1.0
2025-12-11T03:36:41.913774,0.275,0.725,1.0
2025-12-11T03:36:42.523993,0.295,0.705,1.0
2025-12-11T03:36:43.148067,0.305,0.695,1.0
2025-12-11T03:36:43.766664,0.305,0.695,1.0
2025-12-11T03:36:44.364373,0.305,0.695,1.0
2025-12-11T03:36:44.979976,0.315,0.685,1.0
2025-12-11T03:36:45.598328,0.315,0.685,1.0
2025-12-11T03:36:46.209376,0.33,0.67,1.0
2025-12-11T03:36:46.822290,0.335,0.665,1.0
2025-12-11T03:36:47.443960,0.335,0.665,1.0
2025-12-11T03:36:48.057944,0.335,0.665,1.0
2025-12-11T03:36:48.667266,0.335,0.665,1.0
2025-12-11T03:36:49.285459,0.335,0.665,1.0
2025-12-11T03:36:49.900708,0.325,0.675,1.0
2025-12-11T03:36:50.510296,0.33,0.67,1.0
2025-12-11T03:36:51.177530,0.33,0.67,1.0
2025-12-11T03:36:51.797033,0.33,0.67,1.0
2025-12-11T03:36:52.422208,0.335,0.665,1.0
2025-12-11T03:36:53.031262,0.335,0.665,1.0
2025-12-11T03:36:53.645124,0.325,0.675,1.0
2025-12-11T03:36:54.259023,0.325,0.675,1.0
2025-12-11T03:36:54.860544,0.33,0.67,1.0
2025-12-11T03:36:55.470027,0.33,0.67,1.0
2025-12-11T03:36:56.086702,0.335,0.665,1.0
2025-12-11T03:36:56.700776,0.35,0.645,0.995
2025-12-11T03:36:57.312589,0.365,0.635,1.0
2025-12-11T03:36:57.925576,0.375,0.625,1.0
2025-12-11T03:36:58.539900,0.37,0.63,1.0
2025-12-11T03:36:59.161087,0.36,0.64,1.0
2025-12-11T03:36:59.781387,0.355,0.645,1.0
2025-12-11T03:36:58.780110,0.36,0.64,1.0
2025-12-11T03:36:59.383577,0.355,0.645,1.0
2025-12-11T03:37:00.005296,0.355,0.645,1.0
2025-12-11T03:37:00.635797,0.355,0.645,1.0
2025-12-11T03:37:01.246045,0.355,0.645,1.0
2025-12-11T03:37:01.860574,0.355,0.645,1.0
2025-12-11T03:37:02.469027,0.345,0.655,1.0
2025-12-11T03:37:03.078900,0.345,0.655,1.0
2025-12-11T03:37:03.685616,0.35,0.655,1.005
2025-12-11T03:37:04.296266,0.35,0.645,0.995
2025-12-11T03:37:04.905463,0.365,0.635,1.0
2025-12-11T03:37:05.515833,0.385,0.615,1.0
2025-12-11T03:37:06.125664,0.4,0.6,1.0
2025-12-11T03:37:06.739480,0.4,0.595,0.995
2025-12-11T03:37:07.350280,0.415,0.585,1.0
2025-12-11T03:37:07.959007,0.415,0.585,1.0
2025-12-11T03:37:08.564280,0.415,0.585,1.0
2025-12-11T03:37:09.182716,0.415,0.585,1.0
2025-12-11T03:37:09.785475,0.415,0.585,1.0
2025-12-11T03:37:10.400683,0.365,0.635,1.0
2025-12-11T03:37:11.017571,0.37,0.625,0.995
2025-12-11T03:37:11.629796,0.345,0.66,1.005
2025-12-11T03:37:12.251408,0.335,0.665,1.0
2025-12-11T03:37:12.867582,0.33,0.67,1.0
2025-12-11T03:37:13.490097,0.335,0.665,1.0
2025-12-11T03:37:14.103172,0.335,0.665,1.0
2025-12-11T03:37:14.722038,0.335,0.665,1.0
2025-12-11T03:37:15.342284,0.31,0.69,1.0
2025-12-11T03:37:15.956262,0.305,0.695,1.0
2025-12-11T03:37:16.582981,0.3,0.7,1.0
2025-12-11T03:37:17.195706,0.305,0.695,1.0
2025-12-11T03:37:17.805850,0.31,0.69,1.0
2025-12-11T03:37:18.419683,0.315,0.685,1.0
2025-12-11T03:37:19.035358,0.32,0.68,1.0
2025-12-11T03:37:19.651491,0.32,0.68,1.0
2025-12-11T03:37:20.249007,0.32,0.68,1.0
2025-12-11T03:37:20.865238,0.325,0.675,1.0
2025-12-11T03:37:21.482351,0.305,0.695,1.0
2025-12-11T03:37:22.102146,0.295,0.715,1.01
2025-12-11T03:37:22.718520,0.285,0.715,1.0
2025-12-11T03:37:23.338982,0.305,0.695,1.0
2025-12-11T03:37:23.954807,0.31,0.68,0.99
2025-12-11T03:37:24.560848,0.325,0.675,1.0
2025-12-11T03:37:25.175158,0.335,0.665,1.0
2025-12-11T03:37:25.787995,0.335,0.665,1.0
2025-12-11T03:37:26.407836,0.335,0.665,1.0
2025-12-11T03:37:27.023002,0.335,0.665,1.0
2025-12-11T03:37:27.642808,0.335,0.67,1.0050000000000001
2025-12-11T03:37:28.256258,0.315,0.685,1.0
2025-12-11T03:37:28.879759,0.315,0.685,1.0
2025-12-11T03:37:29.496814,0.315,0.685,1.0
2025-12-11T03:37:30.174337,0.32,0.675,0.9950000000000001
2025-12-11T03:37:29.160381,0.335,0.665,1.0
2025-12-11T03:37:29.771489,0.335,0.665,1.0
2025-12-11T03:37:30.387339,0.335,0.665,1.0
2025-12-11T03:37:30.990971,0.34,0.66,1.0
2025-12-11T03:37:31.604662,0.34,0.66,1.0
2025-12-11T03:37:32.224070,0.34,0.66,1.0
2025-12-11T03:37:32.835106,0.335,0.665,1.0
2025-12-11T03:37:33.437841,0.335,0.665,1.0
2025-12-11T03:37:34.073496,0.335,0.665,1.0
2025-12-11T03:37:34.702056,0.335,0.66,0.9950000000000001
2025-12-11T03:37:35.303647,0.34,0.66,1.0
2025-12-11T03:37:35.918840,0.325,0.675,1.0
2025-12-11T03:37:36.531856,0.295,0.705,1.0
2025-12-11T03:37:37.142375,0.295,0.705,1.0
2025-12-11T03:37:37.755717,0.31,0.69,1.0
2025-12-11T03:37:38.363345,0.31,0.695,1.005
2025-12-11T03:37:38.967704,0.305,0.695,1.0
2025-12-11T03:37:39.575500,0.315,0.685,1.0
2025-12-11T03:37:40.193502,0.315,0.685,1.0
2025-12-11T03:37:40.811661,0.32,0.68,1.0
2025-12-11T03:37:41.420294,0.325,0.675,1.0
2025-12-11T03:37:42.022845,0.325,0.675,1.0
2025-12-11T03:37:42.648459,0.325,0.675,1.0
2025-12-11T03:37:43.251170,0.335,0.665,1.0
2025-12-11T03:37:43.864082,0.345,0.655,1.0
2025-12-11T03:37:44.472984,0.365,0.635,1.0
2025-12-11T03:37:45.075334,0.375,0.625,1.0
2025-12-11T03:37:45.674976,0.375,0.625,1.0
2025-12-11T03:37:46.279229,0.375,0.625,1.0
2025-12-11T03:37:46.887267,0.375,0.625,1.0
2025-12-11T03:37:47.494047,0.375,0.625,1.0
2025-12-11T03:37:48.101405,0.375,0.625,1.0
2025-12-11T03:37:48.705590,0.375,0.625,1.0
2025-12-11T03:37:49.314990,0.375,0.625,1.0
2025-12-11T03:37:49.916053,0.375,0.625,1.0
2025-12-11T03:37:50.523070,0.37,0.63,1.0
2025-12-11T03:37:51.137357,0.375,0.625,1.0
2025-12-11T03:37:51.744562,0.375,0.625,1.0
2025-12-11T03:37:52.339410,0.375,0.625,1.0
2025-12-11T03:37:52.937910,0.375,0.625,1.0
2025-12-11T03:37:53.545819,0.4,0.6,1.0
2025-12-11T03:37:54.147029,0.395,0.61,1.005
2025-12-11T03:37:54.750896,0.385,0.615,1.0
2025-12-11T03:37:55.364249,0.385,0.61,0.995
2025-12-11T03:37:55.963390,0.395,0.605,1.0
2025-12-11T03:37:56.575023,0.385,0.615,1.0
2025-12-11T03:37:57.179180,0.365,0.635,1.0
2025-12-11T03:37:57.789815,0.345,0.655,1.0
2025-12-11T03:37:58.389356,0.335,0.665,1.0
2025-12-11T03:37:58.985940,0.345,0.655,1.0
2025-12-11T03:37:59.599588,0.345,0.65,0.995
2025-12-11T03:38:00.211865,0.365,0.64,1.005
2025-12-11T03:38:00.815750,0.355,0.645,1.0
2025-12-11T03:37:59.838605,0.355,0.645,1.0
2025-12-11T03:38:00.439199,0.34,0.665,1.0050000000000001
2025-12-11T03:38:01.044569,0.325,0.675,1.0
2025-12-11T03:38:01.653143,0.325,0.675,1.0
2025-12-11T03:38:02.259658,0.325,0.675,1.0
2025-12-11T03:38:02.874716,0.325,0.675,1.0
2025-12-11T03:38:03.478424,0.315,0.685,1.0
2025-12-11T03:38:04.093900,0.315,0.685,1.0
2025-12-11T03:38:04.696985,0.315,0.685,1.0
2025-12-11T03:38:05.304010,0.315,0.685,1.0
2025-12-11T03:38:05.912670,0.315,0.685,1.0
2025-12-11T03:38:06.513581,0.315,0.685,1.0
2025-12-11T03:38:07.126913,0.315,0.685,1.0
2025-12-11T03:38:07.742192,0.315,0.685,1.0
2025-12-11T03:38:08.343994,0.29,0.71,1.0
2025-12-11T03:38:08.954434,0.285,0.715,1.0
2025-12-11T03:38:09.561272,0.265,0.735,1.0
2025-12-11T03:38:10.170210,0.255,0.745,1.0
2025-12-11T03:38:10.773287,0.255,0.745,1.0
2025-12-11T03:38:11.371895,0.245,0.755,1.0
2025-12-11T03:38:11.987034,0.245,0.755,1.0
2025-12-11T03:38:12.598973,0.245,0.755,1.0
2025-12-11T03:38:13.272926,0.245,0.755,1.0
2025-12-11T03:38:13.885599,0.25,0.75,1.0
2025-12-11T03:38:14.500017,0.255,0.745,1.0
2025-12-11T03:38:15.115743,0.265,0.74,1.005
2025-12-11T03:38:15.729498,0.265,0.735,1.0
2025-12-11T03:38:16.336721,0.26,0.74,1.0
2025-12-11T03:38:16.955704,0.255,0.745,1.0
2025-12-11T03:38:17.560215,0.255,0.745,1.0
2025-12-11T03:38:18.173737,0.255,0.745,1.0
2025-12-11T03:38:18.787311,0.255,0.745,1.0
2025-12-11T03:38:19.397166,0.255,0.745,1.0
2025-12-11T03:38:20.013131,0.275,0.725,1.0
2025-12-11T03:38:20.621366,0.28,0.72,1.0
2025-12-11T03:38:21.223512,0.28,0.72,1.0
2025-12-11T03:38:21.826480,0.275,0.725,1.0
2025-12-11T03:38:22.436836,0.27,0.73,1.0
2025-12-11T03:38:23.049416,0.27,0.73,1.0
2025-12-11T03:38:23.649303,0.275,0.725,1.0
2025-12-11T03:38:24.263596,0.255,0.745,1.0
2025-12-11T03:38:24.880054,0.25,0.745,0.995
2025-12-11T03:38:25.491949,0.25,0.75,1.0
2025-12-11T03:38:26.110394,0.25,0.75,1.0
2025-12-11T03:38:26.768379,0.25,0.745,0.995
2025-12-11T03:38:27.384706,0.26,0.725,0.985
2025-12-11T03:38:27.990379,0.285,0.715,1.0
2025-12-11T03:38:28.598385,0.295,0.7,0.9949999999999999
2025-12-11T03:38:29.200085,0.305,0.695,1.0
2025-12-11T03:38:29.828516,0.275,0.725,1.0
2025-12-11T03:38:30.434189,0.27,0.73,1.0
2025-12-11T03:38:31.046309,0.27,0.725,0.995
2025-12-11T03:38:31.654790,0.3,0.7,1.0
2025-12-11T03:38:30.659327,0.305,0.695,1.0
2025-12-11T03:38:31.263888,0.31,0.685,0.9950000000000001
2025-12-11T03:38:31.879722,0.31,0.69,1.0
2025-12-11T03:38:32.477912,0.305,0.695,1.0
2025-12-11T03:38:33.091443,0.315,0.685,1.0
2025-12-11T03:38:33.693544,0.31,0.69,1.0
2025-12-11T03:38:34.292246,0.305,0.695,1.0
2025-12-11T03:38:34.894461,0.305,0.695,1.0
2025-12-11T03:38:35.499419,0.315,0.685,1.0
2025-12-11T03:38:36.105140,0.315,0.685,1.0
2025-12-11T03:38:36.712455,0.31,0.69,1.0
2025-12-11T03:38:37.323423,0.31,0.69,1.0
2025-12-11T03:38:37.921145,0.305,0.695,1.0
2025-12-11T03:38:38.524112,0.31,0.69,1.0
2025-12-11T03:38:39.127270,0.315,0.685,1.0
2025-12-11T03:38:39.740201,0.315,0.685,1.0
2025-12-11T03:38:40.340123,0.315,0.685,1.0
2025-12-11T03:38:40.947774,0.315,0.685,1.0
2025-12-11T03:38:41.552279,0.35,0.655,1.005
2025-12-11T03:38:42.167225,0.345,0.655,1.0
2025-12-11T03:38:42.784888,0.355,0.645,1.0
2025-12-11T03:38:43.386678,0.365,0.635,1.0
2025-12-11T03:38:44.006632,0.375,0.625,1.0
2025-12-11T03:38:44.624807,0.405,0.595,1.0
2025-12-11T03:38:45.221028,0.405,0.595,1.0
2025-12-11T03:38:45.838323,0.415,0.585,1.0
2025-12-11T03:38:46.451727,0.415,0.595,1.01
2025-12-11T03:38:47.059948,0.405,0.595,1.0
2025-12-11T03:38:47.672380,0.405,0.595,1.0
2025-12-11T03:38:48.265393,0.415,0.585,1.0
2025-12-11T03:38:48.874648,0.41,0.59,1.0
2025-12-11T03:38:49.482420,0.415,0.585,1.0
2025-12-11T03:38:50.123095,0.405,0.595,1.0
2025-12-11T03:38:50.720454,0.375,0.62,0.995
2025-12-11T03:38:51.320325,0.375,0.625,1.0
2025-12-11T03:38:51.927696,0.365,0.635,1.0
2025-12-11T03:38:52.531662,0.355,0.645,1.0
2025-12-11T03:38:53.132721,0.36,0.64,1.0
2025-12-11T03:38:53.744178,0.365,0.635,1.0
2025-12-11T03:38:54.345510,0.365,0.635,1.0
2025-12-11T03:38:54.949905,0.395,0.595,0.99
2025-12-11T03:38:55.551015,0.405,0.595,1.0
2025-12-11T03:38:56.148633,0.415,0.585,1.0
2025-12-11T03:38:56.747950,0.425,0.575,1.0
2025-12-11T03:38:57.345851,0.415,0.585,1.0
2025-12-11T03:38:57.953152,0.415,0.585,1.0
2025-12-11T03:38:58.564414,0.415,0.585,1.0
2025-12-11T03:38:59.161676,0.425,0.575,1.0
2025-12-11T03:38:59.763629,0.42,0.58,1.0
2025-12-11T03:39:00.364850,0.42,0.58,1.0
2025-12-11T03:39:00.970361,0.425,0.575,1.0
2025-12-11T03:39:01.577233,0.425,0.575,1.0
2025-12-11T03:39:02.183517,0.435,0.565,1.0
2025-12-11T03:39:01.186593,0.455,0.55,1.0050000000000001
2025-12-11T03:39:01.798858,0.445,0.555,1.0
2025-12-11T03:39:02.401653,0.445,0.555,1.0
2025-12-11T03:39:03.006681,0.425,0.575,1.0
2025-12-11T03:39:03.611087,0.42,0.58,1.0
2025-12-11T03:39:04.206409,0.435,0.565,1.0
2025-12-11T03:39:04.821954,0.435,0.565,1.0
2025-12-11T03:39:05.422926,0.435,0.565,1.0
2025-12-11T03:39:06.035117,0.435,0.565,1.0
2025-12-11T03:39:06.638441,0.425,0.57,0.9949999999999999
2025-12-11T03:39:07.244885,0.43,0.575,1.005
2025-12-11T03:39:07.849220,0.425,0.58,1.005
2025-12-11T03:39:08.452820,0.415,0.585,1.0
2025-12-11T03:39:09.050250,0.425,0.575,1.0
2025-12-11T03:39:09.651700,0.415,0.585,1.0
2025-12-11T03:39:10.260431,0.42,0.58,1.0
2025-12-11T03:39:10.876872,0.425,0.575,1.0
2025-12-11T03:39:11.484970,0.415,0.585,1.0
2025-12-11T03:39:12.085713,0.42,0.585,1.005
2025-12-11T03:39:12.696320,0.405,0.595,1.0
2025-12-11T03:39:13.311593,0.37,0.64,1.01
2025-12-11T03:39:13.935538,0.345,0.665,1.01
2025-12-11T03:39:14.529936,0.325,0.675,1.0
2025-12-11T03:39:15.139962,0.325,0.675,1.0
2025-12-11T03:39:15.749642,0.325,0.675,1.0
2025-12-11T03:39:16.348325,0.33,0.67,1.0
2025-12-11T03:39:16.957782,0.335,0.665,1.0
2025-12-11T03:39:17.564159,0.33,0.67,1.0
2025-12-11T03:39:18.171257,0.335,0.665,1.0
2025-12-11T03:39:18.771986,0.335,0.665,1.0
2025-12-11T03:39:19.382946,0.335,0.665,1.0
2025-12-11T03:39:19.996408,0.33,0.67,1.0
2025-12-11T03:39:20.633399,0.33,0.67,1.0
2025-12-11T03:39:21.244902,0.33,0.67,1.0
2025-12-11T03:39:21.853106,0.335,0.665,1.0
2025-12-11T03:39:22.464279,0.335,0.665,1.0
2025-12-11T03:39:23.067199,0.335,0.665,1.0
2025-12-11T03:39:23.663793,0.335,0.665,1.0
2025-12-11T03:39:24.268433,0.33,0.67,1.0
2025-12-11T03:39:24.873192,0.335,0.665,1.0
2025-12-11T03:39:25.475902,0.335,0.665,1.0
2025-12-11T03:39:26.320254,0.33,0.67,1.0
2025-12-11T03:39:26.915404,0.33,0.67,1.0
2025-12-11T03:39:27.513125,0.335,0.665,1.0
2025-12-11T03:39:28.129264,0.33,0.67,1.0
2025-12-11T03:39:28.743992,0.335,0.665,1.0
2025-12-11T03:39:29.344574,0.345,0.655,1.0
2025-12-11T03:39:29.957239,0.345,0.655,1.0
2025-12-11T03:39:30.569935,0.345,0.655,1.0
2025-12-11T03:39:31.173722,0.345,0.655,1.0
2025-12-11T03:39:31.784315,0.345,0.655,1.0
2025-12-11T03:39:32.390164,0.345,0.655,1.0
2025-12-11T03:39:33.001479,0.345,0.655,1.0
2025-12-11T03:39:32.005405,0.345,0.66,1.005
2025-12-11T03:39:32.615440,0.335,0.665,1.0
2025-12-11T03:39:33.229880,0.34,0.66,1.0
2025-12-11T03:39:33.828411,0.34,0.66,1.0
2025-12-11T03:39:34.440334,0.355,0.63,0.985
2025-12-11T03:39:35.049706,0.375,0.625,1.0
2025-12-11T03:39:35.659789,0.375,0.625,1.0
2025-12-11T03:39:36.274426,0.41,0.59,1.0
2025-12-11T03:39:36.882243,0.405,0.595,1.0
2025-12-11T03:39:37.504006,0.425,0.575,1.0
2025-12-11T03:39:38.102016,0.43,0.565,0.9949999999999999
2025-12-11T03:39:38.697166,0.435,0.565,1.0
2025-12-11T03:39:39.302415,0.425,0.575,1.0
2025-12-11T03:39:39.908873,0.425,0.575,1.0
2025-12-11T03:39:40.517186,0.415,0.585,1.0
2025-12-11T03:39:41.124067,0.405,0.595,1.0
2025-12-11T03:39:41.740153,0.395,0.605,1.0
2025-12-11T03:39:42.349371,0.395,0.605,1.0
2025-12-11T03:39:42.952781,0.395,0.605,1.0
2025-12-11T03:39:43.554097,0.395,0.605,1.0
2025-12-11T03:39:44.149800,0.385,0.615,1.0
2025-12-11T03:39:44.757059,0.375,0.625,1.0
2025-12-11T03:39:45.357618,0.35,0.66,1.01
2025-12-11T03:39:45.970827,0.34,0.655,0.9950000000000001
2025-12-11T03:39:46.587258,0.335,0.665,1.0
2025-12-11T03:39:47.210014,0.335,0.665,1.0
2025-12-11T03:39:47.813067,0.335,0.665,1.0
2025-12-11T03:39:48.413268,0.335,0.665,1.0
2025-12-11T03:39:49.010756,0.335,0.665,1.0
2025-12-11T03:39:49.618082,0.335,0.665,1.0
2025-12-11T03:39:50.223455,0.335,0.665,1.0
2025-12-11T03:39:50.827077,0.335,0.665,1.0
2025-12-11T03:39:51.434272,0.335,0.665,1.0
2025-12-11T03:39:52.047706,0.335,0.665,1.0
2025-12-11T03:39:52.642020,0.335,0.66,0.9950000000000001
2025-12-11T03:39:53.245028,0.345,0.655,1.0
2025-12-11T03:39:53.847296,0.345,0.655,1.0
2025-12-11T03:39:54.461030,0.335,0.665,1.0
2025-12-11T03:39:55.073791,0.335,0.665,1.0
2025-12-11T03:39:55.944093,0.335,0.665,1.0
2025-12-11T03:39:56.544679,0.335,0.665,1.0
2025-12-11T03:39:57.159411,0.335,0.665,1.0
2025-12-11T03:39:57.761117,0.335,0.665,1.0
2025-12-11T03:39:58.371785,0.345,0.655,1.0
2025-12-11T03:39:58.974868,0.345,0.655,1.0
2025-12-11T03:39:59.579964,0.345,0.655,1.0
2025-12-11T03:40:00.186309,0.345,0.655,1.0
2025-12-11T03:40:00.794401,0.345,0.655,1.0
2025-12-11T03:40:01.400791,0.345,0.655,1.0
2025-12-11T03:40:02.005113,0.335,0.665,1.0
2025-12-11T03:40:02.612729,0.325,0.675,1.0
2025-12-11T03:40:03.215287,0.325,0.675,1.0
2025-12-11T03:40:02.219183,0.315,0.685,1.0
2025-12-11T03:40:02.821168,0.315,0.685,1.0
2025-12-11T03:40:03.414054,0.32,0.68,1.0
2025-12-11T03:40:04.022712,0.305,0.695,1.0
2025-12-11T03:40:04.637150,0.305,0.695,1.0
2025-12-11T03:40:05.241227,0.305,0.695,1.0
2025-12-11T03:40:05.846412,0.285,0.715,1.0
2025-12-11T03:40:06.448279,0.285,0.715,1.0
2025-12-11T03:40:07.054958,0.3,0.695,0.9949999999999999
2025-12-11T03:40:07.660778,0.305,0.69,0.9949999999999999
2025-12-11T03:40:08.267020,0.33,0.67,1.0
2025-12-11T03:40:08.868613,0.33,0.67,1.0
2025-12-11T03:40:09.479210,0.32,0.675,0.9950000000000001
2025-12-11T03:40:10.083886,0.325,0.675,1.0
2025-12-11T03:40:10.688092,0.34,0.66,1.0
2025-12-11T03:40:11.295616,0.34,0.66,1.0
2025-12-11T03:40:11.902010,0.345,0.655,1.0
2025-12-11T03:40:12.511218,0.325,0.675,1.0
2025-12-11T03:40:13.126265,0.28,0.72,1.0
2025-12-11T03:40:13.738164,0.295,0.715,1.01
2025-12-11T03:40:14.340120,0.285,0.715,1.0
2025-12-11T03:40:14.951068,0.295,0.705,1.0
2025-12-11T03:40:15.559546,0.29,0.71,1.0
2025-12-11T03:40:16.159900,0.285,0.715,1.0
2025-12-11T03:40:16.766874,0.285,0.715,1.0
2025-12-11T03:40:17.383561,0.305,0.685,0.99
2025-12-11T03:40:17.981942,0.315,0.685,1.0
2025-12-11T03:40:18.583675,0.295,0.705,1.0
2025-12-11T03:40:19.185686,0.305,0.695,1.0
2025-12-11T03:40:19.790667,0.285,0.715,1.0
2025-12-11T03:40:20.397522,0.3,0.695,0.9949999999999999
2025-12-11T03:40:20.998937,0.34,0.655,0.9950000000000001
2025-12-11T03:40:21.610802,0.345,0.655,1.0
2025-12-11T03:40:22.212029,0.365,0.635,1.0
2025-12-11T03:40:22.818119,0.36,0.64,1.0
2025-12-11T03:40:23.437156,0.365,0.64,1.005
2025-12-11T03:40:24.045317,0.375,0.615,0.99
2025-12-11T03:40:24.655189,0.41,0.59,1.0
2025-12-11T03:40:25.262700,0.415,0.585,1.0
2025-12-11T03:40:25.871845,0.405,0.59,0.995
2025-12-11T03:40:26.487486,0.445,0.555,1.0
2025-12-11T03:40:27.091419,0.475,0.525,1.0
2025-12-11T03:40:27.701076,0.495,0.49,0.985
2025-12-11T03:40:28.313316,0.515,0.485,1.0
2025-12-11T03:40:28.931585,0.535,0.465,1.0
2025-12-11T03:40:29.539947,0.53,0.47,1.0
2025-12-11T03:40:30.145272,0.555,0.44,0.9950000000000001
2025-12-11T03:40:30.757909,0.565,0.435,1.0
2025-12-11T03:40:31.359928,0.555,0.445,1.0
2025-12-11T03:40:31.964712,0.555,0.445,1.0
2025-12-11T03:40:32.573619,0.545,0.45,0.9950000000000001
2025-12-11T03:40:33.181513,0.545,0.465,1.01
2025-12-11T03:40:33.788246,0.55,0.45,1.0
2025-12-11T03:40:32.777639,0.545,0.455,1.0
2025-12-11T03:40:33.383966,0.54,0.465,1.0050000000000001
2025-12-11T03:40:33.991383,0.545,0.455,1.0
2025-12-11T03:40:34.588190,0.535,0.475,1.01
2025-12-11T03:40:35.200087,0.495,0.5,0.995
2025-12-11T03:40:35.806621,0.51,0.49,1.0
2025-12-11T03:40:36.416705,0.505,0.49,0.995
2025-12-11T03:40:37.011439,0.515,0.49,1.005
2025-12-11T03:40:37.620987,0.5,0.5,1.0
2025-12-11T03:40:38.227173,0.515,0.475,0.99
2025-12-11T03:40:38.831928,0.54,0.45,0.99
2025-12-11T03:40:39.437400,0.535,0.47,1.005
2025-12-11T03:40:40.041755,0.535,0.465,1.0
2025-12-11T03:40:40.646519,0.525,0.475,1.0
2025-12-11T03:40:41.251167,0.515,0.485,1.0
2025-12-11T03:40:41.855802,0.515,0.48,0.995
2025-12-11T03:40:42.458626,0.535,0.465,1.0
2025-12-11T03:40:43.063752,0.535,0.465,1.0
2025-12-11T03:40:43.671359,0.535,0.465,1.0
2025-12-11T03:40:44.271743,0.545,0.455,1.0
2025-12-11T03:40:44.882550,0.545,0.455,1.0
2025-12-11T03:40:45.500259,0.555,0.445,1.0
2025-12-11T03:40:46.107824,0.58,0.43,1.01
2025-12-11T03:40:46.715724,0.595,0.405,1.0
2025-12-11T03:40:47.327537,0.605,0.395,1.0
2025-12-11T03:40:47.939531,0.6,0.4,1.0
2025-12-11T03:40:48.538131,0.605,0.395,1.0
2025-12-11T03:40:49.138780,0.635,0.365,1.0
2025-12-11T03:40:49.743925,0.64,0.355,0.995
2025-12-11T03:40:50.346807,0.645,0.355,1.0
2025-12-11T03:40:50.952037,0.695,0.305,1.0
2025-12-11T03:40:51.558015,0.685,0.32,1.0050000000000001
2025-12-11T03:40:52.180327,0.68,0.32,1.0
2025-12-11T03:40:52.789399,0.695,0.305,1.0
2025-12-11T03:40:53.400723,0.695,0.305,1.0
2025-12-11T03:40:54.004246,0.66,0.345,1.005
2025-12-11T03:40:54.601380,0.695,0.305,1.0
2025-12-11T03:40:55.200756,0.7,0.3,1.0
2025-12-11T03:40:55.816919,0.7,0.295,0.9949999999999999
2025-12-11T03:40:56.423190,0.705,0.295,1.0
2025-12-11T03:40:57.028200,0.7,0.295,0.9949999999999999
2025-12-11T03:40:57.634877,0.7,0.3,1.0
2025-12-11T03:40:58.238220,0.685,0.31,0.9950000000000001
2025-12-11T03:40:58.842198,0.715,0.285,1.0
2025-12-11T03:40:59.449756,0.755,0.245,1.0
2025-12-11T03:41:00.048721,0.735,0.255,0.99
2025-12-11T03:41:00.663918,0.745,0.255,1.0
2025-12-11T03:41:01.269509,0.73,0.26,0.99
2025-12-11T03:41:01.872117,0.73,0.27,1.0
2025-12-11T03:41:02.478099,0.705,0.295,1.0
2025-12-11T03:41:03.086044,0.705,0.295,1.0
2025-12-11T03:41:03.693726,0.68,0.32,1.0
2025-12-11T03:41:04.298469,0.65,0.35,1.0
2025-12-11T03:41:04.903644,0.645,0.355,1.0
2025-12-11T03:41:03.923176,0.645,0.36,1.005
2025-12-11T03:41:04.531625,0.64,0.36,1.0
2025-12-11T03:41:05.133659,0.645,0.355,1.0
2025-12-11T03:41:05.741291,0.65,0.35,1.0
2025-12-11T03:41:06.354164,0.655,0.345,1.0
2025-12-11T03:41:06.959367,0.665,0.335,1.0
2025-12-11T03:41:07.568908,0.665,0.335,1.0
2025-12-11T03:41:08.177326,0.64,0.365,1.005
2025-12-11T03:41:08.784073,0.625,0.385,1.01
2025-12-11T03:41:09.391942,0.605,0.395,1.0
2025-12-11T03:41:09.993666,0.58,0.415,0.9949999999999999
2025-12-11T03:41:10.597116,0.585,0.42,1.005
2025-12-11T03:41:11.201172,0.56,0.44,1.0
2025-12-11T03:41:11.798251,0.565,0.435,1.0
2025-12-11T03:41:12.403067,0.555,0.445,1.0
2025-12-11T03:41:13.002146,0.555,0.455,1.01
2025-12-11T03:41:13.605627,0.54,0.46,1.0
2025-12-11T03:41:14.212936,0.535,0.465,1.0
2025-12-11T03:41:14.826253,0.525,0.475,1.0
2025-12-11T03:41:15.438106,0.465,0.54,1.0050000000000001
2025-12-11T03:41:16.047804,0.455,0.55,1.0050000000000001
2025-12-11T03:41:16.660420,0.435,0.565,1.0
2025-12-11T03:41:17.261046,0.445,0.555,1.0
2025-12-11T03:41:17.874044,0.445,0.555,1.0
2025-12-11T03:41:18.482716,0.445,0.555,1.0
2025-12-11T03:41:19.091387,0.445,0.555,1.0
2025-12-11T03:41:19.700327,0.45,0.555,1.0050000000000001
2025-12-11T03:41:20.314926,0.445,0.555,1.0
2025-12-11T03:41:20.940929,0.455,0.545,1.0
2025-12-11T03:41:21.550935,0.425,0.57,0.9949999999999999
2025-12-11T03:41:22.165204,0.44,0.56,1.0
2025-12-11T03:41:22.776280,0.425,0.575,1.0
2025-12-11T03:41:23.384641,0.43,0.57,1.0
2025-12-11T03:41:23.989802,0.425,0.57,0.9949999999999999
2025-12-11T03:41:24.616228,0.43,0.57,1.0
2025-12-11T03:41:25.222903,0.425,0.575,1.0
2025-12-11T03:41:25.827379,0.43,0.57,1.0
2025-12-11T03:41:26.440051,0.425,0.57,0.9949999999999999
2025-12-11T03:41:27.040430,0.43,0.575,1.005
2025-12-11T03:41:27.639044,0.445,0.555,1.0
2025-12-11T03:41:28.250326,0.45,0.545,0.9950000000000001
2025-12-11T03:41:28.853266,0.465,0.535,1.0
2025-12-11T03:41:29.467833,0.475,0.52,0.995
2025-12-11T03:41:30.083483,0.495,0.505,1.0
2025-12-11T03:41:30.694528,0.545,0.45,0.9950000000000001
2025-12-11T03:41:31.299265,0.555,0.455,1.01
2025-12-11T03:41:31.900340,0.545,0.455,1.0
2025-12-11T03:41:32.515957,0.545,0.455,1.0
2025-12-11T03:41:33.115333,0.545,0.455,1.0
2025-12-11T03:41:33.726893,0.545,0.455,1.0
2025-12-11T03:41:34.328152,0.535,0.465,1.0
2025-12-11T03:41:34.939085,0.485,0.515,1.0
2025-12-11T03:41:35.554600,0.455,0.54,0.9950000000000001
2025-12-11T03:41:34.562868,0.46,0.54,1.0
2025-12-11T03:41:35.170560,0.46,0.54,1.0
2025-12-11T03:41:35.783590,0.455,0.545,1.0
2025-12-11T03:41:36.385233,0.435,0.565,1.0
2025-12-11T03:41:36.978595,0.425,0.575,1.0
2025-12-11T03:41:37.588395,0.425,0.575,1.0
2025-12-11T03:41:38.199820,0.435,0.565,1.0
2025-12-11T03:41:38.817787,0.415,0.585,1.0
2025-12-11T03:41:39.438179,0.425,0.575,1.0
2025-12-11T03:41:40.045541,0.435,0.565,1.0
2025-12-11T03:41:40.649404,0.435,0.565,1.0
2025-12-11T03:41:41.258709,0.435,0.565,1.0
2025-12-11T03:41:41.866910,0.435,0.565,1.0
2025-12-11T03:41:42.492012,0.435,0.565,1.0
2025-12-11T03:41:43.100542,0.425,0.575,1.0
2025-12-11T03:41:43.710377,0.435,0.565,1.0
2025-12-11T03:41:44.317803,0.435,0.565,1.0
2025-12-11T03:41:44.923606,0.435,0.56,0.9950000000000001
2025-12-11T03:41:45.531870,0.445,0.555,1.0
2025-12-11T03:41:46.144209,0.425,0.575,1.0
2025-12-11T03:41:46.758587,0.435,0.565,1.0
2025-12-11T03:41:47.363034,0.435,0.565,1.0
2025-12-11T03:41:47.966013,0.44,0.56,1.0
2025-12-11T03:41:48.594605,0.435,0.565,1.0
2025-12-11T03:41:49.210562,0.435,0.565,1.0
2025-12-11T03:41:49.823647,0.435,0.565,1.0
2025-12-11T03:41:50.432484,0.44,0.56,1.0
2025-12-11T03:41:51.041183,0.445,0.555,1.0
2025-12-11T03:41:51.649141,0.445,0.555,1.0
2025-12-11T03:41:52.256174,0.415,0.585,1.0
2025-12-11T03:41:52.865124,0.415,0.585,1.0
2025-12-11T03:41:53.473781,0.41,0.59,1.0
2025-12-11T03:41:54.089476,0.405,0.595,1.0
2025-12-11T03:41:54.692258,0.4,0.6,1.0
2025-12-11T03:41:55.293985,0.395,0.605,1.0
2025-12-11T03:41:55.904598,0.385,0.615,1.0
2025-12-11T03:41:56.503951,0.385,0.615,1.0
2025-12-11T03:41:57.118659,0.385,0.615,1.0
2025-12-11T03:41:57.727260,0.375,0.625,1.0
2025-12-11T03:41:58.333247,0.38,0.62,1.0
2025-12-11T03:41:58.943474,0.355,0.645,1.0
2025-12-11T03:41:59.551006,0.355,0.645,1.0
2025-12-11T03:42:00.155462,0.35,0.645,0.995
2025-12-11T03:42:00.759594,0.36,0.64,1.0
2025-12-11T03:42:01.359695,0.355,0.645,1.0
2025-12-11T03:42:01.956349,0.375,0.625,1.0
2025-12-11T03:42:02.560446,0.375,0.625,1.0
2025-12-11T03:42:03.176678,0.39,0.61,1.0
2025-12-11T03:42:03.786813,0.435,0.565,1.0
2025-12-11T03:42:04.388434,0.445,0.555,1.0
2025-12-11T03:42:04.991808,0.465,0.535,1.0
2025-12-11T03:42:05.590738,0.475,0.54,1.0150000000000001
2025-12-11T03:42:06.205363,0.445,0.555,1.0
2025-12-11T03:42:05.196157,0.445,0.555,1.0
2025-12-11T03:42:05.810667,0.445,0.555,1.0
2025-12-11T03:42:06.407039,0.445,0.555,1.0
2025-12-11T03:42:07.006289,0.445,0.555,1.0
2025-12-11T03:42:07.606105,0.44,0.56,1.0
2025-12-11T03:42:08.208091,0.44,0.56,1.0
2025-12-11T03:42:08.833254,0.455,0.545,1.0
2025-12-11T03:42:09.449387,0.47,0.53,1.0
2025-12-11T03:42:10.051513,0.475,0.525,1.0
2025-12-11T03:42:10.661376,0.48,0.52,1.0
2025-12-11T03:42:11.271871,0.49,0.51,1.0
2025-12-11T03:42:11.884848,0.49,0.51,1.0
2025-12-11T03:42:12.522691,0.495,0.5,0.995
2025-12-11T03:42:13.128699,0.53,0.475,1.005
2025-12-11T03:42:13.739265,0.54,0.455,0.9950000000000001
2025-12-11T03:42:14.338070,0.545,0.455,1.0
2025-12-11T03:42:14.986740,0.52,0.49,1.01
2025-12-11T03:42:15.600550,0.555,0.445,1.0
2025-12-11T03:42:16.230849,0.565,0.43,0.9949999999999999
2025-12-11T03:42:16.846407,0.58,0.42,1.0
2025-12-11T03:42:17.462995,0.575,0.425,1.0
2025-12-11T03:42:18.061466,0.58,0.42,1.0
2025-12-11T03:42:18.671140,0.595,0.405,1.0
2025-12-11T03:42:19.280734,0.605,0.395,1.0
2025-12-11T03:42:19.890637,0.615,0.385,1.0
2025-12-11T03:42:20.503130,0.64,0.36,1.0
2025-12-11T03:42:21.097945,0.655,0.345,1.0
2025-12-11T03:42:21.710047,0.66,0.34,1.0
2025-12-11T03:42:22.312870,0.675,0.325,1.0
2025-12-11T03:42:22.931741,0.675,0.325,1.0
2025-12-11T03:42:23.547032,0.68,0.325,1.0050000000000001
2025-12-11T03:42:24.148970,0.685,0.315,1.0
2025-12-11T03:42:24.742019,0.695,0.305,1.0
2025-12-11T03:42:25.351316,0.705,0.295,1.0
2025-12-11T03:42:25.964538,0.695,0.3,0.9949999999999999
2025-12-11T03:42:26.576696,0.705,0.295,1.0
2025-12-11T03:42:27.178807,0.725,0.275,1.0
2025-12-11T03:42:27.796554,0.735,0.265,1.0
2025-12-11T03:42:28.400420,0.735,0.255,0.99
2025-12-11T03:42:29.002728,0.745,0.255,1.0
2025-12-11T03:42:29.614691,0.745,0.255,1.0
2025-12-11T03:42:30.216115,0.775,0.225,1.0
2025-12-11T03:42:30.829493,0.785,0.215,1.0
2025-12-11T03:42:31.438389,0.8,0.195,0.9950000000000001
2025-12-11T03:42:32.050524,0.805,0.195,1.0
2025-12-11T03:42:32.663285,0.81,0.185,0.9950000000000001
2025-12-11T03:42:33.269941,0.815,0.185,1.0
2025-12-11T03:42:33.871461,0.815,0.18,0.9949999999999999
2025-12-11T03:42:34.475241,0.83,0.165,0.995
2025-12-11T03:42:35.086642,0.815,0.175,0.99
2025-12-11T03:42:35.696542,0.81,0.19,1.0
2025-12-11T03:42:36.295107,0.83,0.17,1.0
2025-12-11T03:42:35.299457,0.845,0.14,0.985
2025-12-11T03:42:35.909142,0.87,0.13,1.0
2025-12-11T03:42:36.522260,0.88,0.115,0.995
2025-12-11T03:42:37.126818,0.885,0.115,1.0
2025-12-11T03:42:37.723110,0.885,0.115,1.0
2025-12-11T03:42:38.329938,0.895,0.105,1.0
2025-12-11T03:42:38.937526,0.885,0.115,1.0
2025-12-11T03:42:39.552691,0.885,0.115,1.0
2025-12-11T03:42:40.164303,0.875,0.125,1.0
2025-12-11T03:42:40.766072,0.87,0.135,1.005
2025-12-11T03:42:41.384116,0.875,0.125,1.0
2025-12-11T03:42:41.982535,0.88,0.12,1.0
2025-12-11T03:42:42.609154,0.895,0.105,1.0
2025-12-11T03:42:43.221085,0.895,0.1,0.995
2025-12-11T03:42:43.829298,0.9,0.095,0.995
2025-12-11T03:42:44.438830,0.9,0.1,1.0
2025-12-11T03:42:45.063027,0.905,0.095,1.0
2025-12-11T03:42:45.671191,0.915,0.085,1.0
2025-12-11T03:42:46.275590,0.91,0.09,1.0
2025-12-11T03:42:46.885207,0.91,0.09,1.0
2025-12-11T03:42:47.495947,0.92,0.08,1.0
2025-12-11T03:42:48.089069,0.925,0.075,1.0
2025-12-11T03:42:48.692488,0.925,0.075,1.0
2025-12-11T03:42:49.292217,0.925,0.075,1.0
2025-12-11T03:42:49.902583,0.93,0.07,1.0
2025-12-11T03:42:50.515746,0.925,0.075,1.0
2025-12-11T03:42:51.125045,0.91,0.09,1.0
2025-12-11T03:42:51.727940,0.9,0.1,1.0
2025-12-11T03:42:52.329410,0.905,0.095,1.0
2025-12-11T03:42:52.937423,0.915,0.085,1.0
2025-12-11T03:42:53.544131,0.89,0.11,1.0
2025-12-11T03:42:54.145258,0.89,0.11,1.0
2025-12-11T03:42:54.760584,0.885,0.115,1.0
2025-12-11T03:42:55.361049,0.885,0.115,1.0
2025-12-11T03:42:55.970416,0.905,0.095,1.0
2025-12-11T03:42:56.581175,0.9,0.1,1.0
2025-12-11T03:42:57.190756,0.89,0.11,1.0
2025-12-11T03:42:57.797284,0.885,0.125,1.01
2025-12-11T03:42:58.408023,0.88,0.12,1.0
2025-12-11T03:42:59.020278,0.89,0.11,1.0
2025-12-11T03:42:59.635816,0.89,0.11,1.0
2025-12-11T03:43:00.245952,0.885,0.115,1.0
2025-12-11T03:43:00.856137,0.915,0.09,1.0050000000000001
2025-12-11T03:43:01.472814,0.89,0.11,1.0
2025-12-11T03:43:02.088252,0.895,0.1,0.995
2025-12-11T03:43:02.685891,0.925,0.085,1.01
2025-12-11T03:43:03.312809,0.905,0.095,1.0
2025-12-11T03:43:03.931419,0.86,0.145,1.005
2025-12-11T03:43:04.542941,0.855,0.145,1.0
2025-12-11T03:43:05.156867,0.845,0.155,1.0
2025-12-11T03:43:05.774361,0.855,0.145,1.0
2025-12-11T03:43:06.391513,0.85,0.15,1.0
2025-12-11T03:43:06.988038,0.85,0.15,1.0
2025-12-11T03:43:06.028531,0.85,0.15,1.0
2025-12-11T03:43:06.649741,0.845,0.155,1.0
2025-12-11T03:43:07.330539,0.845,0.155,1.0
2025-12-11T03:43:07.942458,0.85,0.15,1.0
2025-12-11T03:43:08.557654,0.855,0.15,1.005
2025-12-11T03:43:09.152249,0.845,0.155,1.0
2025-12-11T03:43:09.765645,0.85,0.15,1.0
2025-12-11T03:43:10.376867,0.85,0.15,1.0
2025-12-11T03:43:10.990757,0.835,0.165,1.0
2025-12-11T03:43:11.603014,0.83,0.165,0.995
2025-12-11T03:43:12.210902,0.855,0.145,1.0
2025-12-11T03:43:12.827426,0.85,0.15,1.0
2025-12-11T03:43:13.439394,0.855,0.145,1.0
2025-12-11T03:43:14.054663,0.85,0.15,1.0
2025-12-11T03:43:14.671331,0.835,0.155,0.99
2025-12-11T03:43:15.281630,0.855,0.145,1.0
2025-12-11T03:43:15.881517,0.805,0.195,1.0
2025-12-11T03:43:16.531077,0.805,0.195,1.0
2025-12-11T03:43:17.146145,0.88,0.14,1.02
2025-12-11T03:43:17.743678,0.865,0.135,1.0
2025-12-11T03:43:18.378989,0.86,0.14,1.0
2025-12-11T03:43:18.991590,0.86,0.14,1.0
2025-12-11T03:43:19.614351,0.865,0.135,1.0
2025-12-11T03:43:20.240937,0.895,0.1,0.995
2025-12-11T03:43:20.850063,0.87,0.125,0.995
2025-12-11T03:43:21.468793,0.875,0.125,1.0
2025-12-11T03:43:22.093049,0.865,0.14,1.005
2025-12-11T03:43:22.708049,0.855,0.15,1.005
2025-12-11T03:43:23.318724,0.865,0.125,0.99
2025-12-11T03:43:23.921497,0.875,0.125,1.0
2025-12-11T03:43:24.541111,0.87,0.13,1.0
2025-12-11T03:43:25.136131,0.87,0.13,1.0
2025-12-11T03:43:25.764194,0.875,0.125,1.0
2025-12-11T03:43:26.373638,0.865,0.155,1.02
2025-12-11T03:43:26.993545,0.845,0.155,1.0
2025-12-11T03:43:27.612444,0.855,0.145,1.0
2025-12-11T03:43:28.217148,0.86,0.14,1.0
2025-12-11T03:43:28.830133,0.885,0.115,1.0
2025-12-11T03:43:29.435330,0.905,0.095,1.0
2025-12-11T03:43:30.050442,0.915,0.085,1.0
2025-12-11T03:43:30.664157,0.895,0.1,0.995
2025-12-11T03:43:31.279093,0.9,0.1,1.0
2025-12-11T03:43:31.889225,0.905,0.095,1.0
2025-12-11T03:43:32.496684,0.905,0.095,1.0
2025-12-11T03:43:33.110892,0.895,0.105,1.0
2025-12-11T03:43:33.727659,0.895,0.105,1.0
2025-12-11T03:43:34.351816,0.87,0.13,1.0
2025-12-11T03:43:34.966163,0.865,0.135,1.0
2025-12-11T03:43:35.572671,0.865,0.135,1.0
2025-12-11T03:43:36.173228,0.865,0.135,1.0
2025-12-11T03:43:36.790087,0.87,0.13,1.0
2025-12-11T03:43:37.397292,0.865,0.135,1.0
2025-12-11T03:43:38.013072,0.865,0.135,1.0
2025-12-11T03:43:37.025688,0.865,0.135,1.0
2025-12-11T03:43:37.621727,0.865,0.135,1.0
2025-12-11T03:43:38.230816,0.865,0.135,1.0
2025-12-11T03:43:38.833275,0.865,0.135,1.0
2025-12-11T03:43:39.439722,0.875,0.125,1.0
2025-12-11T03:43:40.060853,0.88,0.12,1.0
2025-12-11T03:43:40.671025,0.88,0.115,0.995
2025-12-11T03:43:41.271741,0.88,0.12,1.0
2025-12-11T03:43:41.886192,0.875,0.125,1.0
2025-12-11T03:43:42.499052,0.89,0.11,1.0
2025-12-11T03:43:43.109601,0.905,0.095,1.0
2025-12-11T03:43:43.715235,0.905,0.095,1.0
2025-12-11T03:43:44.330975,0.905,0.095,1.0
2025-12-11T03:43:44.943932,0.915,0.085,1.0
2025-12-11T03:43:45.553741,0.91,0.09,1.0
2025-12-11T03:43:46.164780,0.905,0.095,1.0
2025-12-11T03:43:46.790325,0.92,0.08,1.0
2025-12-11T03:43:47.406024,0.91,0.09,1.0
2025-12-11T03:43:48.015481,0.91,0.09,1.0
2025-12-11T03:43:48.629395,0.91,0.09,1.0
2025-12-11T03:43:49.245871,0.905,0.095,1.0
2025-12-11T03:43:49.859973,0.905,0.095,1.0
2025-12-11T03:43:50.473367,0.905,0.095,1.0
2025-12-11T03:43:51.088475,0.905,0.095,1.0
2025-12-11T03:43:51.692968,0.915,0.085,1.0
2025-12-11T03:43:52.305643,0.915,0.085,1.0
2025-12-11T03:43:52.912577,0.915,0.085,1.0
2025-12-11T03:43:53.514604,0.915,0.085,1.0
2025-12-11T03:43:54.115724,0.92,0.08,1.0
2025-12-11T03:43:54.716528,0.92,0.08,1.0
2025-12-11T03:43:55.326308,0.92,0.08,1.0
2025-12-11T03:43:55.932780,0.92,0.08,1.0
2025-12-11T03:43:56.542635,0.91,0.09,1.0
2025-12-11T03:43:57.163227,0.905,0.095,1.0
2025-12-11T03:43:57.780969,0.91,0.09,1.0
2025-12-11T03:43:58.399417,0.91,0.09,1.0
2025-12-11T03:43:59.017685,0.91,0.09,1.0
2025-12-11T03:43:59.615695,0.915,0.085,1.0
2025-12-11T03:44:00.228805,0.915,0.085,1.0
2025-12-11T03:44:00.844341,0.9,0.1,1.0
2025-12-11T03:44:01.450546,0.9,0.1,1.0
2025-12-11T03:44:02.052490,0.905,0.095,1.0
2025-12-11T03:44:02.665126,0.905,0.095,1.0
2025-12-11T03:44:03.280738,0.91,0.09,1.0
2025-12-11T03:44:03.916726,0.905,0.095,1.0
2025-12-11T03:44:04.512028,0.905,0.095,1.0
2025-12-11T03:44:05.112661,0.905,0.095,1.0
2025-12-11T03:44:05.719028,0.91,0.09,1.0
2025-12-11T03:44:06.327243,0.91,0.085,0.995
2025-12-11T03:44:06.942146,0.9,0.105,1.0050000000000001
2025-12-11T03:44:07.550448,0.86,0.155,1.015
2025-12-11T03:44:08.164431,0.81,0.19,1.0
2025-12-11T03:44:08.775699,0.795,0.205,1.0
2025-12-11T03:44:07.806059,0.805,0.225,1.03
2025-12-11T03:44:08.421418,0.865,0.135,1.0
2025-12-11T03:44:09.027340,0.895,0.105,1.0
2025-12-11T03:44:09.639669,0.9,0.1,1.0
2025-12-11T03:44:10.238144,0.91,0.09,1.0
2025-12-11T03:44:10.839882,0.885,0.115,1.0
2025-12-11T03:44:11.460258,0.875,0.125,1.0
2025-12-11T03:44:12.062988,0.87,0.13,1.0
2025-12-11T03:44:12.673338,0.885,0.115,1.0
2025-12-11T03:44:13.287618,0.87,0.13,1.0
2025-12-11T03:44:13.880986,0.875,0.125,1.0
2025-12-11T03:44:14.494954,0.875,0.125,1.0
2025-12-11T03:44:15.150517,0.88,0.115,0.995
2025-12-11T03:44:15.769484,0.905,0.095,1.0
2025-12-11T03:44:16.391821,0.905,0.095,1.0
2025-12-11T03:44:16.987638,0.885,0.115,1.0
2025-12-11T03:44:17.594739,0.855,0.145,1.0
2025-12-11T03:44:18.204186,0.865,0.135,1.0
2025-12-11T03:44:18.818076,0.825,0.175,1.0
2025-12-11T03:44:19.414305,0.78,0.23,1.01
2025-12-11T03:44:20.008446,0.765,0.235,1.0
2025-12-11T03:44:20.610315,0.705,0.295,1.0
2025-12-11T03:44:21.211341,0.66,0.34,1.0
2025-12-11T03:44:21.823966,0.625,0.375,1.0
2025-12-11T03:44:22.436677,0.44,0.56,1.0
2025-12-11T03:44:23.048767,0.42,0.595,1.015
2025-12-11T03:44:23.701927,0.42,0.58,1.0
2025-12-11T03:44:24.315683,0.425,0.575,1.0
2025-12-11T03:44:24.933361,0.4,0.6,1.0
2025-12-11T03:44:25.542399,0.355,0.645,1.0
2025-12-11T03:44:26.150727,0.315,0.685,1.0
2025-12-11T03:44:26.762153,0.32,0.68,1.0
2025-12-11T03:44:27.374683,0.345,0.655,1.0
2025-12-11T03:44:27.981307,0.315,0.685,1.0
2025-12-11T03:44:28.584913,0.3,0.7,1.0
2025-12-11T03:44:29.187878,0.305,0.695,1.0
2025-12-11T03:44:29.795484,0.275,0.725,1.0
2025-12-11T03:44:30.399254,0.285,0.715,1.0
2025-12-11T03:44:31.015442,0.275,0.705,0.98
2025-12-11T03:44:31.613824,0.31,0.69,1.0
2025-12-11T03:44:32.209133,0.295,0.705,1.0
2025-12-11T03:44:32.837103,0.315,0.685,1.0
2025-12-11T03:44:33.439315,0.275,0.725,1.0
2025-12-11T03:44:34.039122,0.29,0.71,1.0
2025-12-11T03:44:34.640408,0.275,0.725,1.0
2025-12-11T03:44:35.243198,0.265,0.735,1.0
2025-12-11T03:44:35.849111,0.23,0.77,1.0
2025-12-11T03:44:36.456228,0.23,0.77,1.0
2025-12-11T03:44:37.064913,0.225,0.74,0.965
2025-12-11T03:44:37.681334,0.25,0.745,0.995
2025-12-11T03:44:38.281143,0.25,0.75,1.0
2025-12-11T03:44:38.884909,0.23,0.76,0.99
2025-12-11T03:44:39.488844,0.25,0.75,1.0
2025-12-11T03:44:38.491798,0.225,0.775,1.0
2025-12-11T03:44:39.099010,0.205,0.795,1.0
2025-12-11T03:44:39.706274,0.17,0.82,0.99
2025-12-11T03:44:40.317744,0.155,0.845,1.0
2025-12-11T03:44:40.920520,0.2,0.815,1.015
2025-12-11T03:44:41.534181,0.15,0.85,1.0
2025-12-11T03:44:42.141198,0.155,0.845,1.0
2025-12-11T03:44:42.746713,0.195,0.805,1.0
2025-12-11T03:44:43.358550,0.21,0.79,1.0
2025-12-11T03:44:43.956510,0.215,0.785,1.0
2025-12-11T03:44:44.551501,0.205,0.8,1.0050000000000001
2025-12-11T03:44:45.163473,0.215,0.78,0.995
2025-12-11T03:44:45.774521,0.205,0.805,1.01
2025-12-11T03:44:46.386284,0.185,0.825,1.01
2025-12-11T03:44:46.999313,0.165,0.83,0.995
2025-12-11T03:44:47.600209,0.15,0.855,1.005
2025-12-11T03:44:48.199216,0.17,0.83,1.0
2025-12-11T03:44:48.805039,0.17,0.83,1.0
2025-12-11T03:44:49.409069,0.17,0.83,1.0
2025-12-11T03:44:50.021263,0.14,0.865,1.005
2025-12-11T03:44:50.623635,0.14,0.86,1.0
2025-12-11T03:44:51.229175,0.14,0.86,1.0
2025-12-11T03:44:51.904437,0.13,0.845,0.975
2025-12-11T03:44:52.508441,0.165,0.835,1.0
2025-12-11T03:44:53.114789,0.175,0.825,1.0
2025-12-11T03:44:53.713687,0.155,0.845,1.0
2025-12-11T03:44:54.317573,0.14,0.86,1.0
2025-12-11T03:44:54.924134,0.14,0.86,1.0
2025-12-11T03:44:55.535018,0.155,0.845,1.0
2025-12-11T03:44:56.140978,0.125,0.875,1.0
2025-12-11T03:44:56.748043,0.125,0.875,1.0
2025-12-11T03:44:57.354939,0.12,0.88,1.0
2025-12-11T03:44:57.959634,0.115,0.88,0.995
2025-12-11T03:44:58.560234,0.005,0.995,1.0
2025-12-11T03:44:59.155620,0.005,0.995,1.0
2025-12-11T03:44:59.759496,0.015,0.985,1.0
2025-12-11T03:45:00.370732,0.005,0.995,1.0
2025-12-11T03:45:00.979435,0.005,0.995,1.0
2025-12-11T03:45:01.587557,0.005,0.995,1.0
2025-12-11T03:45:02.197325,0.005,0.995,1.0
2025-12-11T03:45:02.805902,0.005,0.995,1.0
2025-12-11T03:45:03.422694,0.005,0.995,1.0
2025-12-11T03:45:04.023353,0.005,0.995,1.0
2025-12-11T03:45:04.636597,0.005,0.995,1.0
2025-12-11T03:45:05.244085,0.005,0.995,1.0
2025-12-11T03:45:05.849951,0.005,0.995,1.0
2025-12-11T03:45:06.456038,0.005,0.995,1.0
2025-12-11T03:45:07.064619,0.005,0.995,1.0
2025-12-11T03:45:07.678341,0.005,0.995,1.0
2025-12-11T03:45:08.284936,0.005,0.995,1.0
2025-12-11T03:45:08.893106,0.005,0.995,1.0
2025-12-11T03:45:09.495040,0.005,0.995,1.0
2025-12-11T03:45:10.100839,0.005,0.995,1.0
2025-12-11T03:45:09.113910,0.005,0.995,1.0
2025-12-11T03:45:09.730814,0.005,0.995,1.0
2025-12-11T03:45:10.331474,0.005,0.995,1.0
2025-12-11T03:45:10.940983,0.005,0.995,1.0
2025-12-11T03:45:11.556782,0.005,0.995,1.0
2025-12-11T03:45:12.155924,0.005,0.995,1.0
2025-12-11T03:45:12.778712,0.005,0.995,1.0
2025-12-11T03:45:13.387302,0.005,0.995,1.0
2025-12-11T03:45:13.993815,0.005,0.995,1.0
2025-12-11T03:45:14.602191,0.005,0.995,1.0
2025-12-11T03:45:15.207044,0.005,0.995,1.0
2025-12-11T03:45:15.815616,0.005,0.995,1.0
2025-12-11T03:45:16.417545,0.005,0.995,1.0
2025-12-11T03:45:17.026329,0.005,0.995,1.0
2025-12-11T03:45:17.632047,0.005,0.995,1.0
2025-12-11T03:45:18.227728,0.005,0.995,1.0
2025-12-11T03:45:18.842295,0.005,0.995,1.0
2025-12-11T03:45:19.448654,0.005,0.995,1.0
2025-12-11T03:45:20.057853,0.005,0.995,1.0
2025-12-11T03:45:20.666880,0.005,0.995,1.0
2025-12-11T03:45:21.276742,0.005,0.995,1.0
2025-12-11T03:45:21.891509,0.005,0.995,1.0
2025-12-11T03:45:22.506665,0.005,0.995,1.0
2025-12-11T03:45:23.116323,0.005,0.995,1.0
2025-12-11T03:45:23.723158,0.005,0.995,1.0
2025-12-11T03:45:24.332433,0.005,0.995,1.0
2025-12-11T03:45:24.941270,0.005,0.995,1.0
2025-12-11T03:45:25.552832,0.005,0.995,1.0
2025-12-11T03:45:26.169569,0.005,0.995,1.0
2025-12-11T03:45:26.783426,0.005,0.995,1.0
2025-12-11T03:45:27.405234,0.005,0.995,1.0
2025-12-11T03:45:28.020496,0.005,0.995,1.0
2025-12-11T03:45:28.655444,0.005,0.995,1.0
2025-12-11T03:45:29.275003,0.005,0.995,1.0
2025-12-11T03:45:29.883307,0.005,0.995,1.0
2025-12-11T03:45:30.491023,0.005,0.995,1.0
2025-12-11T03:45:31.110974,0.005,0.995,1.0
2025-12-11T03:45:31.721780,0.005,0.995,1.0
2025-12-11T03:45:32.331468,0.005,0.995,1.0
2025-12-11T03:45:32.930248,0.005,0.995,1.0
2025-12-11T03:45:33.544306,0.005,0.995,1.0
2025-12-11T03:45:34.138493,0.005,0.995,1.0
2025-12-11T03:45:34.757189,0.005,0.995,1.0
2025-12-11T03:45:35.364541,0.005,0.995,1.0
2025-12-11T03:45:35.981558,0.005,0.995,1.0
2025-12-11T03:45:36.591791,0.005,0.995,1.0
2025-12-11T03:45:37.196782,0.005,0.995,1.0
2025-12-11T03:45:37.813175,0.005,0.995,1.0
2025-12-11T03:45:38.420230,0.005,0.995,1.0
2025-12-11T03:45:39.034232,0.005,0.995,1.0
2025-12-11T03:45:39.642020,0.005,0.995,1.0
2025-12-11T03:45:40.249024,0.005,0.995,1.0
2025-12-11T03:45:39.263667,0.005,0.995,1.0
2025-12-11T03:45:39.886394,0.005,0.995,1.0
2025-12-11T03:45:40.498088,0.005,0.995,1.0
2025-12-11T03:45:41.107742,0.005,0.995,1.0
2025-12-11T03:45:41.720446,0.005,0.995,1.0
2025-12-11T03:45:42.335691,0.005,0.995,1.0
2025-12-11T03:45:42.943989,0.005,0.995,1.0
2025-12-11T03:45:43.553015,0.005,0.995,1.0
2025-12-11T03:45:44.168424,0.005,0.995,1.0
2025-12-11T03:45:44.768472,0.005,0.995,1.0
2025-12-11T03:45:45.384600,0.005,0.995,1.0
2025-12-11T03:45:45.986521,0.005,0.995,1.0
2025-12-11T03:45:46.580689,0.005,0.995,1.0
2025-12-11T03:45:47.197713,0.005,0.995,1.0
2025-12-11T03:45:47.806691,0.005,0.995,1.0
2025-12-11T03:45:48.410179,0.005,0.995,1.0
2025-12-11T03:45:49.019387,0.005,0.995,1.0
2025-12-11T03:45:49.631006,0.005,0.995,1.0
2025-12-11T03:45:50.236634,0.005,0.995,1.0
2025-12-11T03:45:50.830623,0.005,0.995,1.0
2025-12-11T03:45:51.435185,0.005,0.995,1.0
2025-12-11T03:45:52.052471,0.005,0.995,1.0
2025-12-11T03:45:52.658414,0.005,0.995,1.0
2025-12-11T03:45:53.264631,0.005,0.995,1.0
2025-12-11T03:45:53.864878,0.005,0.995,1.0
2025-12-11T03:45:54.470233,0.005,0.995,1.0
2025-12-11T03:45:55.082151,0.005,0.995,1.0
2025-12-11T03:45:55.691098,0.005,0.995,1.0
2025-12-11T03:45:56.296315,0.005,0.995,1.0
2025-12-11T03:45:56.899320,0.005,0.995,1.0
2025-12-11T03:45:57.499326,0.005,0.995,1.0
2025-12-11T03:45:58.104556,0.005,0.995,1.0
2025-12-11T03:45:58.700430,0.005,0.995,1.0
2025-12-11T03:45:59.299537,0.005,0.995,1.0
2025-12-11T03:45:59.907752,0.005,0.995,1.0
