timestamp,price_yes,price_no,sum_prices
2025-12-11T05:46:00.275529,0.415,0.585,1.0
2025-12-11T05:46:00.883375,0.425,0.575,1.0
2025-12-11T05:46:01.481470,0.425,0.575,1.0
2025-12-11T05:46:02.080405,0.425,0.575,1.0
2025-12-11T05:46:02.685806,0.435,0.565,1.0
2025-12-11T05:46:01.780126,0.425,0.575,1.0
2025-12-11T05:46:02.383505,0.415,0.585,1.0
2025-12-11T05:46:02.989144,0.415,0.585,1.0
2025-12-11T05:46:03.586018,0.415,0.585,1.0
2025-12-11T05:46:04.191618,0.415,0.585,1.0
2025-12-11T05:46:04.788162,0.415,0.585,1.0
2025-12-11T05:46:05.394025,0.415,0.585,1.0
2025-12-11T05:46:05.994328,0.415,0.585,1.0
2025-12-11T05:46:06.597241,0.415,0.585,1.0
2025-12-11T05:46:07.214227,0.415,0.585,1.0
2025-12-11T05:46:07.810501,0.415,0.585,1.0
2025-12-11T05:46:08.418588,0.42,0.58,1.0
2025-12-11T05:46:09.016474,0.42,0.58,1.0
2025-12-11T05:46:09.620558,0.42,0.58,1.0
2025-12-11T05:46:10.220701,0.425,0.575,1.0
2025-12-11T05:46:10.824773,0.405,0.595,1.0
2025-12-11T05:46:11.430224,0.405,0.595,1.0
2025-12-11T05:46:12.042732,0.395,0.61,1.005
2025-12-11T05:46:12.649457,0.385,0.62,1.005
2025-12-11T05:46:13.252043,0.375,0.625,1.0
2025-12-11T05:46:13.849188,0.375,0.625,1.0
2025-12-11T05:46:14.460838,0.37,0.63,1.0
2025-12-11T05:46:15.060365,0.365,0.635,1.0
2025-12-11T05:46:15.666305,0.355,0.645,1.0
2025-12-11T05:46:16.271209,0.375,0.625,1.0
2025-12-11T05:46:16.874934,0.355,0.64,0.995
2025-12-11T05:46:17.481564,0.375,0.625,1.0
2025-12-11T05:46:18.076431,0.365,0.635,1.0
2025-12-11T05:46:18.680864,0.36,0.64,1.0
2025-12-11T05:46:19.287178,0.355,0.645,1.0
2025-12-11T05:46:19.883971,0.375,0.625,1.0
2025-12-11T05:46:20.487857,0.345,0.66,1.005
2025-12-11T05:46:21.092503,0.335,0.665,1.0
2025-12-11T05:46:21.690811,0.335,0.655,0.99
2025-12-11T05:46:22.287394,0.345,0.655,1.0
2025-12-11T05:46:22.888420,0.335,0.665,1.0
2025-12-11T05:46:23.487480,0.335,0.665,1.0
2025-12-11T05:46:24.085474,0.345,0.655,1.0
2025-12-11T05:46:24.679301,0.345,0.655,1.0
2025-12-11T05:46:25.283355,0.335,0.665,1.0
2025-12-11T05:46:25.874969,0.355,0.645,1.0
2025-12-11T05:46:26.474371,0.355,0.645,1.0
2025-12-11T05:46:27.074628,0.345,0.655,1.0
2025-12-11T05:46:27.674603,0.35,0.645,0.995
2025-12-11T05:46:28.273608,0.345,0.655,1.0
2025-12-11T05:46:28.874197,0.355,0.645,1.0
2025-12-11T05:46:29.474811,0.36,0.635,0.995
2025-12-11T05:46:30.070394,0.42,0.585,1.005
2025-12-11T05:46:30.680575,0.395,0.605,1.0
2025-12-11T05:46:31.278483,0.39,0.605,0.995
2025-12-11T05:46:31.877006,0.395,0.605,1.0
2025-12-11T05:46:32.476564,0.39,0.61,1.0
2025-12-11T05:46:33.082348,0.385,0.615,1.0
2025-12-11T05:46:32.113177,0.37,0.63,1.0
2025-12-11T05:46:32.710535,0.365,0.635,1.0
2025-12-11T05:46:33.312783,0.37,0.635,1.005
2025-12-11T05:46:33.916129,0.37,0.63,1.0
2025-12-11T05:46:34.522347,0.365,0.635,1.0
2025-12-11T05:46:35.119265,0.365,0.635,1.0
2025-12-11T05:46:35.722741,0.365,0.635,1.0
2025-12-11T05:46:36.329296,0.355,0.645,1.0
2025-12-11T05:46:36.935112,0.365,0.635,1.0
2025-12-11T05:46:37.539211,0.39,0.61,1.0
2025-12-11T05:46:38.143538,0.395,0.605,1.0
2025-12-11T05:46:38.749957,0.405,0.595,1.0
2025-12-11T05:46:39.376438,0.415,0.585,1.0
2025-12-11T05:46:39.982744,0.415,0.585,1.0
2025-12-11T05:46:40.587476,0.41,0.59,1.0
2025-12-11T05:46:41.193310,0.4,0.6,1.0
2025-12-11T05:46:41.797202,0.395,0.605,1.0
2025-12-11T05:46:42.401007,0.385,0.615,1.0
2025-12-11T05:46:43.009838,0.39,0.61,1.0
2025-12-11T05:46:43.605965,0.395,0.605,1.0
2025-12-11T05:46:44.208551,0.375,0.625,1.0
2025-12-11T05:46:44.810144,0.365,0.635,1.0
2025-12-11T05:46:45.412999,0.365,0.635,1.0
2025-12-11T05:46:46.015626,0.355,0.645,1.0
2025-12-11T05:46:46.632975,0.345,0.655,1.0
2025-12-11T05:46:47.240397,0.36,0.64,1.0
2025-12-11T05:46:47.847676,0.365,0.635,1.0
2025-12-11T05:46:48.450445,0.365,0.635,1.0
2025-12-11T05:46:49.054048,0.375,0.625,1.0
2025-12-11T05:46:49.654793,0.37,0.635,1.005
2025-12-11T05:46:50.259519,0.355,0.645,1.0
2025-12-11T05:46:50.937297,0.345,0.655,1.0
2025-12-11T05:46:51.544988,0.345,0.655,1.0
2025-12-11T05:46:52.148545,0.345,0.655,1.0
2025-12-11T05:46:52.749607,0.345,0.655,1.0
2025-12-11T05:46:53.358641,0.345,0.655,1.0
2025-12-11T05:46:53.954099,0.355,0.645,1.0
2025-12-11T05:46:54.559641,0.355,0.645,1.0
2025-12-11T05:46:55.157264,0.345,0.655,1.0
2025-12-11T05:46:55.755273,0.345,0.655,1.0
2025-12-11T05:46:56.364171,0.355,0.645,1.0
2025-12-11T05:46:56.969663,0.335,0.665,1.0
2025-12-11T05:46:57.570788,0.325,0.675,1.0
2025-12-11T05:46:58.173819,0.325,0.675,1.0
2025-12-11T05:46:58.780729,0.34,0.66,1.0
2025-12-11T05:46:59.383888,0.345,0.655,1.0
2025-12-11T05:46:59.985562,0.315,0.685,1.0
2025-12-11T05:47:00.588037,0.335,0.665,1.0
2025-12-11T05:47:01.198405,0.325,0.675,1.0
2025-12-11T05:47:01.802148,0.315,0.685,1.0
2025-12-11T05:47:02.402537,0.315,0.685,1.0
2025-12-11T05:47:03.009345,0.315,0.685,1.0
2025-12-11T05:47:03.616219,0.305,0.695,1.0
2025-12-11T05:47:04.223139,0.305,0.695,1.0
2025-12-11T05:47:03.264199,0.305,0.695,1.0
2025-12-11T05:47:03.899549,0.305,0.695,1.0
2025-12-11T05:47:04.504331,0.315,0.685,1.0
2025-12-11T05:47:05.108782,0.325,0.675,1.0
2025-12-11T05:47:05.713782,0.335,0.665,1.0
2025-12-11T05:47:06.309459,0.335,0.665,1.0
2025-12-11T05:47:06.908465,0.33,0.67,1.0
2025-12-11T05:47:07.511986,0.315,0.675,0.99
2025-12-11T05:47:08.109811,0.335,0.665,1.0
2025-12-11T05:47:08.711521,0.335,0.66,0.9950000000000001
2025-12-11T05:47:09.315567,0.345,0.655,1.0
2025-12-11T05:47:09.912949,0.345,0.655,1.0
2025-12-11T05:47:10.532889,0.345,0.655,1.0
2025-12-11T05:47:11.128868,0.345,0.655,1.0
2025-12-11T05:47:11.745519,0.345,0.655,1.0
2025-12-11T05:47:12.361967,0.345,0.655,1.0
2025-12-11T05:47:12.964260,0.345,0.655,1.0
2025-12-11T05:47:13.572334,0.345,0.655,1.0
2025-12-11T05:47:14.173244,0.345,0.655,1.0
2025-12-11T05:47:14.794183,0.345,0.655,1.0
2025-12-11T05:47:15.394135,0.345,0.655,1.0
2025-12-11T05:47:15.993441,0.345,0.655,1.0
2025-12-11T05:47:16.600497,0.345,0.655,1.0
2025-12-11T05:47:17.209270,0.345,0.655,1.0
2025-12-11T05:47:17.825695,0.345,0.655,1.0
2025-12-11T05:47:18.442115,0.345,0.655,1.0
2025-12-11T05:47:19.039062,0.345,0.655,1.0
2025-12-11T05:47:19.639366,0.365,0.635,1.0
2025-12-11T05:47:20.245407,0.365,0.635,1.0
2025-12-11T05:47:20.839670,0.365,0.635,1.0
2025-12-11T05:47:21.438850,0.36,0.64,1.0
2025-12-11T05:47:22.044692,0.365,0.635,1.0
2025-12-11T05:47:22.640450,0.37,0.63,1.0
2025-12-11T05:47:23.241447,0.375,0.625,1.0
2025-12-11T05:47:23.846482,0.375,0.625,1.0
2025-12-11T05:47:24.459845,0.385,0.615,1.0
2025-12-11T05:47:25.057096,0.385,0.615,1.0
2025-12-11T05:47:25.663078,0.395,0.605,1.0
2025-12-11T05:47:26.271444,0.395,0.605,1.0
2025-12-11T05:47:26.872323,0.405,0.595,1.0
2025-12-11T05:47:27.484007,0.405,0.595,1.0
2025-12-11T05:47:28.095099,0.405,0.595,1.0
2025-12-11T05:47:28.693781,0.405,0.595,1.0
2025-12-11T05:47:29.304205,0.405,0.595,1.0
2025-12-11T05:47:29.907510,0.405,0.595,1.0
2025-12-11T05:47:30.520650,0.415,0.585,1.0
2025-12-11T05:47:31.128544,0.415,0.585,1.0
2025-12-11T05:47:31.748290,0.415,0.585,1.0
2025-12-11T05:47:32.355941,0.415,0.585,1.0
2025-12-11T05:47:32.955779,0.415,0.585,1.0
2025-12-11T05:47:33.555659,0.415,0.585,1.0
2025-12-11T05:47:34.210944,0.395,0.605,1.0
2025-12-11T05:47:34.817399,0.405,0.595,1.0
2025-12-11T05:47:33.867917,0.405,0.595,1.0
2025-12-11T05:47:34.464343,0.405,0.595,1.0
2025-12-11T05:47:35.074766,0.415,0.585,1.0
2025-12-11T05:47:35.672314,0.415,0.585,1.0
2025-12-11T05:47:36.280748,0.415,0.585,1.0
2025-12-11T05:47:36.887379,0.415,0.595,1.01
2025-12-11T05:47:37.483473,0.405,0.595,1.0
2025-12-11T05:47:38.088453,0.41,0.585,0.9949999999999999
2025-12-11T05:47:38.688163,0.41,0.59,1.0
2025-12-11T05:47:39.286977,0.41,0.585,0.9949999999999999
2025-12-11T05:47:39.886521,0.415,0.585,1.0
2025-12-11T05:47:40.493628,0.415,0.585,1.0
2025-12-11T05:47:41.097644,0.415,0.585,1.0
2025-12-11T05:47:41.701939,0.415,0.585,1.0
2025-12-11T05:47:42.300904,0.405,0.595,1.0
2025-12-11T05:47:42.894689,0.39,0.61,1.0
2025-12-11T05:47:43.491252,0.36,0.645,1.005
2025-12-11T05:47:44.092825,0.345,0.655,1.0
2025-12-11T05:47:44.693979,0.36,0.645,1.005
2025-12-11T05:47:45.302134,0.355,0.645,1.0
2025-12-11T05:47:45.907805,0.355,0.645,1.0
2025-12-11T05:47:46.508197,0.355,0.645,1.0
2025-12-11T05:47:47.125244,0.355,0.645,1.0
2025-12-11T05:47:47.724752,0.355,0.645,1.0
2025-12-11T05:47:48.357697,0.355,0.65,1.005
2025-12-11T05:47:48.976837,0.345,0.655,1.0
2025-12-11T05:47:49.570600,0.345,0.655,1.0
2025-12-11T05:47:50.176543,0.365,0.635,1.0
2025-12-11T05:47:50.780101,0.355,0.645,1.0
2025-12-11T05:47:51.382625,0.355,0.645,1.0
2025-12-11T05:47:51.986773,0.35,0.65,1.0
2025-12-11T05:47:52.580236,0.345,0.665,1.01
2025-12-11T05:47:53.183662,0.335,0.67,1.0050000000000001
2025-12-11T05:47:53.793844,0.325,0.67,0.9950000000000001
2025-12-11T05:47:54.393786,0.33,0.665,0.9950000000000001
2025-12-11T05:47:55.019355,0.335,0.665,1.0
2025-12-11T05:47:55.615439,0.34,0.66,1.0
2025-12-11T05:47:56.225366,0.345,0.655,1.0
2025-12-11T05:47:56.834924,0.345,0.655,1.0
2025-12-11T05:47:57.438025,0.345,0.655,1.0
2025-12-11T05:47:58.038860,0.345,0.655,1.0
2025-12-11T05:47:58.637667,0.355,0.645,1.0
2025-12-11T05:47:59.245964,0.375,0.625,1.0
2025-12-11T05:47:59.850644,0.385,0.615,1.0
2025-12-11T05:48:00.453448,0.385,0.615,1.0
2025-12-11T05:48:01.049945,0.385,0.615,1.0
2025-12-11T05:48:01.646825,0.385,0.615,1.0
2025-12-11T05:48:02.253690,0.395,0.605,1.0
2025-12-11T05:48:02.869936,0.415,0.575,0.99
2025-12-11T05:48:03.481174,0.42,0.58,1.0
2025-12-11T05:48:04.080840,0.415,0.585,1.0
2025-12-11T05:48:04.678432,0.42,0.58,1.0
2025-12-11T05:48:05.295731,0.44,0.56,1.0
2025-12-11T05:48:04.344414,0.435,0.565,1.0
2025-12-11T05:48:04.942189,0.43,0.565,0.9949999999999999
2025-12-11T05:48:05.550871,0.435,0.565,1.0
2025-12-11T05:48:06.146435,0.43,0.57,1.0
2025-12-11T05:48:06.746236,0.445,0.555,1.0
2025-12-11T05:48:07.363379,0.495,0.515,1.01
2025-12-11T05:48:07.958592,0.515,0.485,1.0
2025-12-11T05:48:08.555565,0.495,0.505,1.0
2025-12-11T05:48:09.156294,0.505,0.495,1.0
2025-12-11T05:48:09.752251,0.525,0.475,1.0
2025-12-11T05:48:10.351892,0.535,0.465,1.0
2025-12-11T05:48:10.956996,0.515,0.48,0.995
2025-12-11T05:48:11.555774,0.515,0.485,1.0
2025-12-11T05:48:12.155358,0.515,0.485,1.0
2025-12-11T05:48:12.766915,0.52,0.48,1.0
2025-12-11T05:48:13.371715,0.525,0.475,1.0
2025-12-11T05:48:13.972118,0.525,0.475,1.0
2025-12-11T05:48:14.575322,0.535,0.465,1.0
2025-12-11T05:48:15.219861,0.515,0.485,1.0
2025-12-11T05:48:15.822576,0.51,0.49,1.0
2025-12-11T05:48:16.432922,0.51,0.49,1.0
2025-12-11T05:48:17.038523,0.505,0.495,1.0
2025-12-11T05:48:17.631405,0.51,0.49,1.0
2025-12-11T05:48:18.224830,0.51,0.49,1.0
2025-12-11T05:48:18.827296,0.505,0.495,1.0
2025-12-11T05:48:19.433237,0.505,0.495,1.0
2025-12-11T05:48:20.037754,0.515,0.485,1.0
2025-12-11T05:48:20.646625,0.505,0.495,1.0
2025-12-11T05:48:21.257638,0.51,0.49,1.0
2025-12-11T05:48:21.858180,0.51,0.49,1.0
2025-12-11T05:48:22.461167,0.51,0.49,1.0
2025-12-11T05:48:23.062020,0.51,0.49,1.0
2025-12-11T05:48:23.665779,0.515,0.485,1.0
2025-12-11T05:48:24.275898,0.52,0.48,1.0
2025-12-11T05:48:24.880281,0.515,0.485,1.0
2025-12-11T05:48:25.480787,0.515,0.485,1.0
2025-12-11T05:48:26.085877,0.51,0.49,1.0
2025-12-11T05:48:26.692636,0.505,0.495,1.0
2025-12-11T05:48:27.303764,0.51,0.49,1.0
2025-12-11T05:48:27.905289,0.5,0.5,1.0
2025-12-11T05:48:28.520523,0.51,0.49,1.0
2025-12-11T05:48:29.118590,0.51,0.49,1.0
2025-12-11T05:48:29.728832,0.525,0.475,1.0
2025-12-11T05:48:30.333379,0.525,0.475,1.0
2025-12-11T05:48:31.169451,0.525,0.475,1.0
2025-12-11T05:48:31.775023,0.525,0.475,1.0
2025-12-11T05:48:32.378488,0.525,0.475,1.0
2025-12-11T05:48:32.986066,0.525,0.475,1.0
2025-12-11T05:48:33.590748,0.525,0.475,1.0
2025-12-11T05:48:34.187620,0.525,0.475,1.0
2025-12-11T05:48:34.797079,0.525,0.475,1.0
2025-12-11T05:48:35.406601,0.525,0.475,1.0
2025-12-11T05:48:36.001420,0.525,0.47,0.995
2025-12-11T05:48:35.038852,0.53,0.47,1.0
2025-12-11T05:48:35.635829,0.53,0.47,1.0
2025-12-11T05:48:36.230125,0.535,0.465,1.0
2025-12-11T05:48:36.836320,0.535,0.465,1.0
2025-12-11T05:48:37.436357,0.54,0.46,1.0
2025-12-11T05:48:38.046510,0.54,0.46,1.0
2025-12-11T05:48:38.644263,0.545,0.455,1.0
2025-12-11T05:48:39.237880,0.545,0.455,1.0
2025-12-11T05:48:39.843081,0.545,0.455,1.0
2025-12-11T05:48:40.450901,0.545,0.46,1.0050000000000001
2025-12-11T05:48:41.058102,0.535,0.465,1.0
2025-12-11T05:48:41.655067,0.535,0.465,1.0
2025-12-11T05:48:42.254859,0.535,0.465,1.0
2025-12-11T05:48:42.855017,0.535,0.465,1.0
2025-12-11T05:48:43.463772,0.535,0.465,1.0
2025-12-11T05:48:44.071396,0.525,0.475,1.0
2025-12-11T05:48:44.672916,0.525,0.475,1.0
2025-12-11T05:48:45.279545,0.535,0.465,1.0
2025-12-11T05:48:45.900973,0.545,0.455,1.0
2025-12-11T05:48:46.505542,0.56,0.44,1.0
2025-12-11T05:48:47.109523,0.57,0.425,0.9949999999999999
2025-12-11T05:48:47.713272,0.575,0.425,1.0
2025-12-11T05:48:48.319507,0.575,0.425,1.0
2025-12-11T05:48:48.925926,0.59,0.41,1.0
2025-12-11T05:48:49.526338,0.595,0.405,1.0
2025-12-11T05:48:50.134408,0.595,0.405,1.0
2025-12-11T05:48:50.733712,0.615,0.385,1.0
2025-12-11T05:48:51.337715,0.615,0.385,1.0
2025-12-11T05:48:51.948729,0.615,0.385,1.0
2025-12-11T05:48:52.555396,0.625,0.375,1.0
2025-12-11T05:48:53.168229,0.625,0.375,1.0
2025-12-11T05:48:53.767526,0.615,0.385,1.0
2025-12-11T05:48:54.373402,0.615,0.385,1.0
2025-12-11T05:48:54.975222,0.635,0.37,1.005
2025-12-11T05:48:55.578303,0.635,0.365,1.0
2025-12-11T05:48:56.169852,0.64,0.36,1.0
2025-12-11T05:48:56.771262,0.635,0.365,1.0
2025-12-11T05:48:57.367815,0.635,0.365,1.0
2025-12-11T05:48:57.977497,0.645,0.35,0.995
2025-12-11T05:48:58.583827,0.69,0.315,1.005
2025-12-11T05:48:59.183599,0.665,0.335,1.0
2025-12-11T05:48:59.788025,0.665,0.335,1.0
2025-12-11T05:49:00.608911,0.645,0.355,1.0
2025-12-11T05:49:01.202658,0.62,0.375,0.995
2025-12-11T05:49:01.811200,0.62,0.385,1.005
2025-12-11T05:49:02.415443,0.615,0.385,1.0
2025-12-11T05:49:03.025388,0.605,0.395,1.0
2025-12-11T05:49:03.634629,0.61,0.39,1.0
2025-12-11T05:49:04.237659,0.615,0.385,1.0
2025-12-11T05:49:04.864217,0.615,0.385,1.0
2025-12-11T05:49:05.470331,0.645,0.355,1.0
2025-12-11T05:49:06.089548,0.645,0.355,1.0
2025-12-11T05:49:06.698747,0.645,0.355,1.0
2025-12-11T05:49:05.740053,0.645,0.355,1.0
2025-12-11T05:49:06.340686,0.645,0.355,1.0
2025-12-11T05:49:06.950993,0.645,0.35,0.995
2025-12-11T05:49:07.557055,0.655,0.33,0.9850000000000001
2025-12-11T05:49:08.158731,0.675,0.335,1.01
2025-12-11T05:49:08.762054,0.645,0.36,1.005
2025-12-11T05:49:09.362682,0.635,0.365,1.0
2025-12-11T05:49:09.960463,0.63,0.37,1.0
2025-12-11T05:49:10.566260,0.645,0.355,1.0
2025-12-11T05:49:11.165618,0.63,0.37,1.0
2025-12-11T05:49:11.761260,0.625,0.375,1.0
2025-12-11T05:49:12.365488,0.625,0.375,1.0
2025-12-11T05:49:12.962120,0.635,0.36,0.995
2025-12-11T05:49:13.557816,0.625,0.375,1.0
2025-12-11T05:49:14.163419,0.625,0.375,1.0
2025-12-11T05:49:14.771251,0.635,0.365,1.0
2025-12-11T05:49:15.378826,0.635,0.365,1.0
2025-12-11T05:49:15.988474,0.635,0.365,1.0
2025-12-11T05:49:16.594525,0.64,0.36,1.0
2025-12-11T05:49:17.198926,0.645,0.355,1.0
2025-12-11T05:49:17.804117,0.64,0.36,1.0
2025-12-11T05:49:18.418452,0.635,0.36,0.995
2025-12-11T05:49:19.034326,0.64,0.355,0.995
2025-12-11T05:49:19.626367,0.645,0.34,0.9850000000000001
2025-12-11T05:49:20.250800,0.69,0.31,1.0
2025-12-11T05:49:20.851679,0.68,0.32,1.0
2025-12-11T05:49:21.459253,0.685,0.315,1.0
2025-12-11T05:49:22.089296,0.69,0.31,1.0
2025-12-11T05:49:22.712876,0.69,0.31,1.0
2025-12-11T05:49:23.316364,0.695,0.305,1.0
2025-12-11T05:49:23.923011,0.705,0.295,1.0
2025-12-11T05:49:24.525509,0.715,0.285,1.0
2025-12-11T05:49:25.130480,0.715,0.285,1.0
2025-12-11T05:49:25.736346,0.715,0.285,1.0
2025-12-11T05:49:26.338812,0.715,0.295,1.01
2025-12-11T05:49:26.941945,0.705,0.295,1.0
2025-12-11T05:49:27.549810,0.705,0.295,1.0
2025-12-11T05:49:28.158940,0.705,0.295,1.0
2025-12-11T05:49:28.760265,0.705,0.295,1.0
2025-12-11T05:49:29.366910,0.705,0.295,1.0
2025-12-11T05:49:29.969120,0.705,0.295,1.0
2025-12-11T05:49:30.569367,0.705,0.295,1.0
2025-12-11T05:49:31.190244,0.7,0.3,1.0
2025-12-11T05:49:31.800617,0.7,0.3,1.0
2025-12-11T05:49:32.405555,0.7,0.3,1.0
2025-12-11T05:49:33.021788,0.7,0.3,1.0
2025-12-11T05:49:33.627962,0.7,0.3,1.0
2025-12-11T05:49:34.233144,0.705,0.295,1.0
2025-12-11T05:49:34.840439,0.695,0.305,1.0
2025-12-11T05:49:35.449412,0.72,0.275,0.995
2025-12-11T05:49:36.052961,0.735,0.27,1.005
2025-12-11T05:49:36.667590,0.74,0.255,0.995
2025-12-11T05:49:37.282377,0.755,0.245,1.0
2025-12-11T05:49:36.349668,0.755,0.245,1.0
2025-12-11T05:49:36.954222,0.745,0.255,1.0
2025-12-11T05:49:37.553706,0.745,0.255,1.0
2025-12-11T05:49:38.156306,0.745,0.255,1.0
2025-12-11T05:49:38.757723,0.745,0.255,1.0
2025-12-11T05:49:39.360966,0.745,0.255,1.0
2025-12-11T05:49:39.966634,0.745,0.255,1.0
2025-12-11T05:49:40.566446,0.745,0.255,1.0
2025-12-11T05:49:41.174012,0.745,0.255,1.0
2025-12-11T05:49:41.776297,0.745,0.255,1.0
2025-12-11T05:49:42.387555,0.755,0.25,1.005
2025-12-11T05:49:42.990601,0.75,0.25,1.0
2025-12-11T05:49:43.593315,0.745,0.245,0.99
2025-12-11T05:49:44.198633,0.765,0.235,1.0
2025-12-11T05:49:44.801285,0.76,0.24,1.0
2025-12-11T05:49:45.406785,0.76,0.24,1.0
2025-12-11T05:49:46.014873,0.765,0.225,0.99
2025-12-11T05:49:46.624323,0.775,0.225,1.0
2025-12-11T05:49:47.236996,0.775,0.225,1.0
2025-12-11T05:49:47.846588,0.775,0.225,1.0
2025-12-11T05:49:48.450611,0.785,0.215,1.0
2025-12-11T05:49:49.060937,0.785,0.215,1.0
2025-12-11T05:49:49.661869,0.785,0.215,1.0
2025-12-11T05:49:50.254104,0.785,0.215,1.0
2025-12-11T05:49:50.868876,0.79,0.21,1.0
2025-12-11T05:49:51.475398,0.79,0.215,1.0050000000000001
2025-12-11T05:49:52.079590,0.785,0.21,0.995
2025-12-11T05:49:52.703076,0.805,0.195,1.0
2025-12-11T05:49:53.315715,0.805,0.195,1.0
2025-12-11T05:49:53.916257,0.795,0.205,1.0
2025-12-11T05:49:54.520566,0.795,0.205,1.0
2025-12-11T05:49:55.123662,0.795,0.205,1.0
2025-12-11T05:49:55.727972,0.795,0.205,1.0
2025-12-11T05:49:56.336506,0.795,0.205,1.0
2025-12-11T05:49:56.940685,0.795,0.205,1.0
2025-12-11T05:49:57.543632,0.795,0.205,1.0
2025-12-11T05:49:58.138475,0.795,0.205,1.0
2025-12-11T05:49:58.749667,0.795,0.205,1.0
2025-12-11T05:49:59.396323,0.795,0.205,1.0
2025-12-11T05:50:00.006199,0.795,0.205,1.0
2025-12-11T05:50:00.612750,0.795,0.205,1.0
2025-12-11T05:50:01.212077,0.805,0.195,1.0
2025-12-11T05:50:01.815329,0.815,0.185,1.0
2025-12-11T05:50:02.420606,0.815,0.185,1.0
2025-12-11T05:50:03.028555,0.815,0.18,0.9949999999999999
2025-12-11T05:50:03.638248,0.835,0.165,1.0
2025-12-11T05:50:04.241072,0.835,0.165,1.0
2025-12-11T05:50:04.841991,0.835,0.165,1.0
2025-12-11T05:50:05.448028,0.835,0.17,1.005
2025-12-11T05:50:06.049181,0.825,0.175,1.0
2025-12-11T05:50:06.650435,0.825,0.175,1.0
2025-12-11T05:50:07.263990,0.825,0.175,1.0
2025-12-11T05:50:07.872372,0.825,0.175,1.0
2025-12-11T05:50:06.880153,0.825,0.175,1.0
2025-12-11T05:50:07.508445,0.825,0.175,1.0
2025-12-11T05:50:08.114725,0.825,0.175,1.0
2025-12-11T05:50:08.718708,0.825,0.175,1.0
2025-12-11T05:50:09.326385,0.825,0.175,1.0
2025-12-11T05:50:09.927430,0.825,0.175,1.0
2025-12-11T05:50:10.537582,0.825,0.175,1.0
2025-12-11T05:50:11.171934,0.825,0.175,1.0
2025-12-11T05:50:11.779294,0.825,0.175,1.0
2025-12-11T05:50:12.382175,0.825,0.175,1.0
2025-12-11T05:50:12.991723,0.825,0.175,1.0
2025-12-11T05:50:13.598522,0.825,0.175,1.0
2025-12-11T05:50:14.282290,0.825,0.175,1.0
2025-12-11T05:50:14.880147,0.825,0.175,1.0
2025-12-11T05:50:15.489565,0.825,0.175,1.0
2025-12-11T05:50:16.093229,0.825,0.175,1.0
2025-12-11T05:50:16.696333,0.825,0.175,1.0
2025-12-11T05:50:17.301454,0.825,0.175,1.0
2025-12-11T05:50:17.901162,0.825,0.175,1.0
2025-12-11T05:50:18.508382,0.825,0.175,1.0
2025-12-11T05:50:19.113785,0.825,0.175,1.0
2025-12-11T05:50:19.718452,0.825,0.175,1.0
2025-12-11T05:50:20.325034,0.825,0.175,1.0
2025-12-11T05:50:20.935211,0.835,0.165,1.0
2025-12-11T05:50:21.548825,0.83,0.17,1.0
2025-12-11T05:50:22.153150,0.83,0.17,1.0
2025-12-11T05:50:22.760009,0.825,0.175,1.0
2025-12-11T05:50:23.369069,0.83,0.17,1.0
2025-12-11T05:50:23.980356,0.83,0.17,1.0
2025-12-11T05:50:24.590273,0.83,0.17,1.0
2025-12-11T05:50:25.195900,0.83,0.17,1.0
2025-12-11T05:50:25.796148,0.83,0.17,1.0
2025-12-11T05:50:26.399924,0.83,0.17,1.0
2025-12-11T05:50:27.003650,0.835,0.165,1.0
2025-12-11T05:50:27.609621,0.835,0.165,1.0
2025-12-11T05:50:28.220084,0.835,0.165,1.0
2025-12-11T05:50:28.825126,0.835,0.165,1.0
2025-12-11T05:50:29.429270,0.845,0.155,1.0
2025-12-11T05:50:30.034441,0.845,0.155,1.0
2025-12-11T05:50:30.646063,0.88,0.125,1.005
2025-12-11T05:50:31.251735,0.865,0.135,1.0
2025-12-11T05:50:31.856213,0.865,0.135,1.0
2025-12-11T05:50:32.461855,0.865,0.135,1.0
2025-12-11T05:50:33.068285,0.855,0.145,1.0
2025-12-11T05:50:33.682264,0.855,0.145,1.0
2025-12-11T05:50:34.288543,0.855,0.145,1.0
2025-12-11T05:50:34.899870,0.855,0.145,1.0
2025-12-11T05:50:35.502190,0.855,0.145,1.0
2025-12-11T05:50:36.110369,0.855,0.145,1.0
2025-12-11T05:50:36.706946,0.855,0.145,1.0
2025-12-11T05:50:37.312806,0.865,0.135,1.0
2025-12-11T05:50:37.915481,0.865,0.135,1.0
2025-12-11T05:50:38.526963,0.865,0.135,1.0
2025-12-11T05:50:37.558999,0.875,0.125,1.0
2025-12-11T05:50:38.163071,0.875,0.125,1.0
2025-12-11T05:50:38.768227,0.875,0.125,1.0
2025-12-11T05:50:39.379572,0.875,0.125,1.0
2025-12-11T05:50:39.982284,0.885,0.115,1.0
2025-12-11T05:50:40.584877,0.885,0.115,1.0
2025-12-11T05:50:41.192811,0.885,0.115,1.0
2025-12-11T05:50:41.802599,0.885,0.115,1.0
2025-12-11T05:50:42.417023,0.895,0.105,1.0
2025-12-11T05:50:43.019878,0.885,0.115,1.0
2025-12-11T05:50:43.626119,0.885,0.115,1.0
2025-12-11T05:50:44.230315,0.885,0.115,1.0
2025-12-11T05:50:44.835309,0.895,0.105,1.0
2025-12-11T05:50:45.441056,0.895,0.105,1.0
2025-12-11T05:50:46.050806,0.885,0.115,1.0
2025-12-11T05:50:46.652606,0.885,0.115,1.0
2025-12-11T05:50:47.252691,0.905,0.1,1.0050000000000001
2025-12-11T05:50:47.857071,0.895,0.105,1.0
2025-12-11T05:50:48.472525,0.895,0.105,1.0
2025-12-11T05:50:49.082489,0.895,0.105,1.0
2025-12-11T05:50:49.686146,0.895,0.105,1.0
2025-12-11T05:50:50.290733,0.895,0.105,1.0
2025-12-11T05:50:50.903898,0.895,0.105,1.0
2025-12-11T05:50:51.513214,0.9,0.095,0.995
2025-12-11T05:50:52.120339,0.905,0.095,1.0
2025-12-11T05:50:52.745061,0.915,0.085,1.0
2025-12-11T05:50:53.350151,0.915,0.085,1.0
2025-12-11T05:50:53.951448,0.915,0.085,1.0
2025-12-11T05:50:54.557579,0.915,0.085,1.0
2025-12-11T05:50:55.160713,0.915,0.085,1.0
2025-12-11T05:50:55.775793,0.915,0.085,1.0
2025-12-11T05:50:56.385004,0.915,0.085,1.0
2025-12-11T05:50:56.990387,0.915,0.085,1.0
2025-12-11T05:50:57.597001,0.91,0.09,1.0
2025-12-11T05:50:58.204729,0.91,0.09,1.0
2025-12-11T05:50:58.811100,0.91,0.09,1.0
2025-12-11T05:50:59.426431,0.905,0.095,1.0
2025-12-11T05:51:00.027029,0.905,0.095,1.0
2025-12-11T05:51:00.629063,0.9,0.105,1.0050000000000001
2025-12-11T05:51:01.236726,0.895,0.105,1.0
2025-12-11T05:51:01.851733,0.895,0.105,1.0
2025-12-11T05:51:02.465822,0.905,0.095,1.0
2025-12-11T05:51:03.073468,0.9,0.1,1.0
2025-12-11T05:51:03.679319,0.9,0.1,1.0
2025-12-11T05:51:04.286831,0.905,0.09,0.995
2025-12-11T05:51:04.890414,0.915,0.085,1.0
2025-12-11T05:51:05.502957,0.915,0.085,1.0
2025-12-11T05:51:06.110677,0.915,0.085,1.0
2025-12-11T05:51:06.713870,0.915,0.085,1.0
2025-12-11T05:51:07.376161,0.915,0.085,1.0
2025-12-11T05:51:07.975945,0.915,0.085,1.0
2025-12-11T05:51:08.585353,0.915,0.085,1.0
2025-12-11T05:51:09.184073,0.915,0.085,1.0
2025-12-11T05:51:08.219521,0.905,0.095,1.0
2025-12-11T05:51:08.826234,0.905,0.095,1.0
2025-12-11T05:51:09.431950,0.915,0.085,1.0
2025-12-11T05:51:10.037626,0.915,0.085,1.0
2025-12-11T05:51:10.649799,0.915,0.085,1.0
2025-12-11T05:51:11.268063,0.915,0.085,1.0
2025-12-11T05:51:11.898337,0.915,0.085,1.0
2025-12-11T05:51:12.512985,0.915,0.085,1.0
2025-12-11T05:51:13.116765,0.915,0.085,1.0
2025-12-11T05:51:13.716759,0.915,0.085,1.0
2025-12-11T05:51:14.316393,0.915,0.085,1.0
2025-12-11T05:51:14.929931,0.915,0.085,1.0
2025-12-11T05:51:15.535586,0.915,0.085,1.0
2025-12-11T05:51:16.149328,0.915,0.085,1.0
2025-12-11T05:51:16.757272,0.915,0.085,1.0
2025-12-11T05:51:17.361127,0.915,0.085,1.0
2025-12-11T05:51:17.971706,0.915,0.085,1.0
2025-12-11T05:51:18.581717,0.9,0.1,1.0
2025-12-11T05:51:19.197578,0.905,0.095,1.0
2025-12-11T05:51:19.798243,0.895,0.105,1.0
2025-12-11T05:51:20.410697,0.915,0.085,1.0
2025-12-11T05:51:21.017640,0.915,0.085,1.0
2025-12-11T05:51:21.655738,0.915,0.095,1.01
2025-12-11T05:51:22.260028,0.915,0.085,1.0
2025-12-11T05:51:22.872006,0.925,0.075,1.0
2025-12-11T05:51:23.480761,0.915,0.085,1.0
2025-12-11T05:51:24.095811,0.92,0.08,1.0
2025-12-11T05:51:24.701778,0.915,0.085,1.0
2025-12-11T05:51:25.311953,0.92,0.08,1.0
2025-12-11T05:51:25.918274,0.925,0.075,1.0
2025-12-11T05:51:26.530471,0.925,0.075,1.0
2025-12-11T05:51:27.139884,0.92,0.075,0.995
2025-12-11T05:51:27.747062,0.92,0.08,1.0
2025-12-11T05:51:28.362875,0.92,0.08,1.0
2025-12-11T05:51:28.968956,0.925,0.075,1.0
2025-12-11T05:51:29.571146,0.935,0.07,1.0050000000000001
2025-12-11T05:51:30.177611,0.925,0.075,1.0
2025-12-11T05:51:30.782409,0.945,0.055,1.0
2025-12-11T05:51:31.384614,0.945,0.055,1.0
2025-12-11T05:51:31.995083,0.945,0.055,1.0
2025-12-11T05:51:32.599901,0.945,0.055,1.0
2025-12-11T05:51:33.234553,0.945,0.055,1.0
2025-12-11T05:51:33.841840,0.945,0.055,1.0
2025-12-11T05:51:34.456218,0.945,0.055,1.0
2025-12-11T05:51:35.059703,0.945,0.055,1.0
2025-12-11T05:51:35.666022,0.945,0.055,1.0
2025-12-11T05:51:36.525031,0.945,0.055,1.0
2025-12-11T05:51:37.134015,0.945,0.055,1.0
2025-12-11T05:51:37.738411,0.945,0.055,1.0
2025-12-11T05:51:38.343884,0.945,0.055,1.0
2025-12-11T05:51:38.948672,0.955,0.045,1.0
2025-12-11T05:51:39.553962,0.955,0.045,1.0
2025-12-11T05:51:40.169423,0.955,0.045,1.0
2025-12-11T05:51:39.226655,0.955,0.045,1.0
2025-12-11T05:51:39.832379,0.955,0.045,1.0
2025-12-11T05:51:40.432489,0.955,0.045,1.0
2025-12-11T05:51:41.041418,0.955,0.045,1.0
2025-12-11T05:51:41.639170,0.955,0.045,1.0
2025-12-11T05:51:42.245170,0.96,0.04,1.0
2025-12-11T05:51:42.845205,0.965,0.035,1.0
2025-12-11T05:51:43.452820,0.965,0.035,1.0
2025-12-11T05:51:44.063127,0.965,0.035,1.0
2025-12-11T05:51:44.670016,0.965,0.035,1.0
2025-12-11T05:51:45.276445,0.965,0.035,1.0
2025-12-11T05:51:45.875591,0.965,0.035,1.0
2025-12-11T05:51:46.474989,0.975,0.025,1.0
2025-12-11T05:51:47.074549,0.975,0.025,1.0
2025-12-11T05:51:47.676718,0.975,0.025,1.0
2025-12-11T05:51:48.286383,0.975,0.025,1.0
2025-12-11T05:51:48.888295,0.975,0.025,1.0
2025-12-11T05:51:49.505658,0.975,0.025,1.0
2025-12-11T05:51:50.120955,0.975,0.025,1.0
2025-12-11T05:51:50.732857,0.975,0.025,1.0
2025-12-11T05:51:51.342523,0.975,0.025,1.0
2025-12-11T05:51:51.945843,0.975,0.025,1.0
2025-12-11T05:51:52.560080,0.975,0.025,1.0
2025-12-11T05:51:53.173537,0.975,0.025,1.0
2025-12-11T05:51:53.787163,0.975,0.025,1.0
2025-12-11T05:51:54.393388,0.975,0.025,1.0
2025-12-11T05:51:55.005253,0.975,0.025,1.0
2025-12-11T05:51:55.614100,0.975,0.025,1.0
2025-12-11T05:51:56.218980,0.975,0.025,1.0
2025-12-11T05:51:56.831011,0.975,0.025,1.0
2025-12-11T05:51:57.435374,0.975,0.025,1.0
2025-12-11T05:51:58.041723,0.975,0.025,1.0
2025-12-11T05:51:58.651853,0.975,0.025,1.0
2025-12-11T05:51:59.260246,0.975,0.025,1.0
2025-12-11T05:51:59.867662,0.975,0.025,1.0
2025-12-11T05:52:00.478593,0.975,0.025,1.0
2025-12-11T05:52:01.098233,0.965,0.035,1.0
2025-12-11T05:52:01.707667,0.965,0.035,1.0
2025-12-11T05:52:02.313310,0.965,0.035,1.0
2025-12-11T05:52:02.919945,0.97,0.03,1.0
2025-12-11T05:52:03.521483,0.975,0.025,1.0
2025-12-11T05:52:04.127421,0.975,0.025,1.0
2025-12-11T05:52:04.736292,0.975,0.025,1.0
2025-12-11T05:52:05.345015,0.975,0.025,1.0
2025-12-11T05:52:05.953269,0.975,0.025,1.0
2025-12-11T05:52:06.562273,0.965,0.035,1.0
2025-12-11T05:52:07.174358,0.965,0.035,1.0
2025-12-11T05:52:07.789151,0.965,0.035,1.0
2025-12-11T05:52:08.394625,0.965,0.035,1.0
2025-12-11T05:52:08.996329,0.965,0.035,1.0
2025-12-11T05:52:09.606472,0.96,0.04,1.0
2025-12-11T05:52:10.210121,0.975,0.025,1.0
2025-12-11T05:52:10.816913,0.975,0.025,1.0
2025-12-11T05:52:09.833155,0.965,0.035,1.0
2025-12-11T05:52:10.443283,0.965,0.035,1.0
2025-12-11T05:52:11.052136,0.965,0.035,1.0
2025-12-11T05:52:11.662558,0.96,0.035,0.995
2025-12-11T05:52:12.270009,0.965,0.035,1.0
2025-12-11T05:52:12.882587,0.965,0.035,1.0
2025-12-11T05:52:13.488400,0.965,0.035,1.0
2025-12-11T05:52:14.093347,0.965,0.035,1.0
2025-12-11T05:52:14.706558,0.965,0.035,1.0
2025-12-11T05:52:15.307841,0.955,0.045,1.0
2025-12-11T05:52:15.910225,0.96,0.035,0.995
2025-12-11T05:52:16.519398,0.955,0.045,1.0
2025-12-11T05:52:17.116660,0.955,0.045,1.0
2025-12-11T05:52:17.763260,0.955,0.045,1.0
2025-12-11T05:52:18.364376,0.955,0.045,1.0
2025-12-11T05:52:18.967375,0.955,0.045,1.0
2025-12-11T05:52:19.569426,0.955,0.045,1.0
2025-12-11T05:52:20.172606,0.965,0.035,1.0
2025-12-11T05:52:20.779162,0.965,0.035,1.0
2025-12-11T05:52:21.384831,0.965,0.035,1.0
2025-12-11T05:52:22.067874,0.965,0.035,1.0
2025-12-11T05:52:22.671991,0.965,0.035,1.0
2025-12-11T05:52:23.277173,0.965,0.035,1.0
2025-12-11T05:52:23.878940,0.975,0.025,1.0
2025-12-11T05:52:24.486732,0.97,0.03,1.0
2025-12-11T05:52:25.087663,0.97,0.03,1.0
2025-12-11T05:52:25.696495,0.975,0.025,1.0
2025-12-11T05:52:26.309807,0.975,0.025,1.0
2025-12-11T05:52:26.915721,0.96,0.04,1.0
2025-12-11T05:52:27.532065,0.96,0.04,1.0
2025-12-11T05:52:28.139674,0.96,0.04,1.0
2025-12-11T05:52:28.746123,0.96,0.045,1.005
2025-12-11T05:52:29.352844,0.955,0.045,1.0
2025-12-11T05:52:29.957938,0.965,0.035,1.0
2025-12-11T05:52:30.566919,0.965,0.035,1.0
2025-12-11T05:52:31.175214,0.965,0.035,1.0
2025-12-11T05:52:31.778895,0.965,0.035,1.0
2025-12-11T05:52:32.382483,0.965,0.035,1.0
2025-12-11T05:52:32.991741,0.965,0.035,1.0
2025-12-11T05:52:33.596472,0.965,0.035,1.0
2025-12-11T05:52:34.209781,0.965,0.035,1.0
2025-12-11T05:52:34.827020,0.965,0.035,1.0
2025-12-11T05:52:35.434510,0.955,0.045,1.0
2025-12-11T05:52:36.039280,0.965,0.035,1.0
2025-12-11T05:52:36.649038,0.965,0.035,1.0
2025-12-11T05:52:37.265887,0.965,0.035,1.0
2025-12-11T05:52:37.878354,0.965,0.035,1.0
2025-12-11T05:52:38.483734,0.965,0.035,1.0
2025-12-11T05:52:39.094566,0.965,0.035,1.0
2025-12-11T05:52:39.703880,0.965,0.035,1.0
2025-12-11T05:52:40.312007,0.965,0.035,1.0
2025-12-11T05:52:40.917684,0.965,0.035,1.0
2025-12-11T05:52:41.519468,0.97,0.03,1.0
2025-12-11T05:52:40.582936,0.97,0.03,1.0
2025-12-11T05:52:41.180584,0.965,0.035,1.0
2025-12-11T05:52:41.790861,0.965,0.035,1.0
2025-12-11T05:52:42.396409,0.975,0.03,1.005
2025-12-11T05:52:43.001993,0.97,0.03,1.0
2025-12-11T05:52:43.608259,0.965,0.035,1.0
2025-12-11T05:52:44.209148,0.965,0.035,1.0
2025-12-11T05:52:44.818832,0.965,0.035,1.0
2025-12-11T05:52:45.423583,0.965,0.035,1.0
2025-12-11T05:52:46.030383,0.965,0.035,1.0
2025-12-11T05:52:46.633098,0.965,0.035,1.0
2025-12-11T05:52:47.236295,0.965,0.035,1.0
2025-12-11T05:52:47.843180,0.96,0.045,1.005
2025-12-11T05:52:48.446887,0.955,0.045,1.0
2025-12-11T05:52:49.114307,0.955,0.045,1.0
2025-12-11T05:52:49.724481,0.955,0.045,1.0
2025-12-11T05:52:50.330355,0.955,0.045,1.0
2025-12-11T05:52:50.939472,0.955,0.045,1.0
2025-12-11T05:52:51.549927,0.955,0.045,1.0
2025-12-11T05:52:52.155401,0.955,0.045,1.0
2025-12-11T05:52:52.760847,0.955,0.045,1.0
2025-12-11T05:52:53.370622,0.955,0.045,1.0
2025-12-11T05:52:53.980820,0.955,0.045,1.0
2025-12-11T05:52:54.598062,0.955,0.045,1.0
2025-12-11T05:52:55.204624,0.955,0.045,1.0
2025-12-11T05:52:55.811361,0.955,0.045,1.0
2025-12-11T05:52:56.418294,0.955,0.045,1.0
2025-12-11T05:52:57.025262,0.955,0.045,1.0
2025-12-11T05:52:57.635454,0.955,0.045,1.0
2025-12-11T05:52:58.242957,0.955,0.045,1.0
2025-12-11T05:52:58.848000,0.955,0.045,1.0
2025-12-11T05:52:59.476081,0.955,0.045,1.0
2025-12-11T05:53:00.080696,0.955,0.045,1.0
2025-12-11T05:53:00.691175,0.955,0.045,1.0
2025-12-11T05:53:01.293467,0.955,0.045,1.0
2025-12-11T05:53:01.911509,0.955,0.045,1.0
2025-12-11T05:53:02.516789,0.955,0.045,1.0
2025-12-11T05:53:03.119488,0.955,0.045,1.0
2025-12-11T05:53:03.735546,0.955,0.045,1.0
2025-12-11T05:53:04.346216,0.955,0.045,1.0
2025-12-11T05:53:04.953487,0.945,0.055,1.0
2025-12-11T05:53:05.562771,0.945,0.055,1.0
2025-12-11T05:53:06.173688,0.945,0.055,1.0
2025-12-11T05:53:06.783320,0.945,0.055,1.0
2025-12-11T05:53:07.401003,0.945,0.055,1.0
2025-12-11T05:53:08.015714,0.945,0.055,1.0
2025-12-11T05:53:08.624253,0.945,0.055,1.0
2025-12-11T05:53:09.235576,0.955,0.045,1.0
2025-12-11T05:53:09.840225,0.955,0.045,1.0
2025-12-11T05:53:10.449485,0.955,0.045,1.0
2025-12-11T05:53:11.062942,0.955,0.045,1.0
2025-12-11T05:53:11.669308,0.955,0.045,1.0
2025-12-11T05:53:12.274944,0.955,0.045,1.0
2025-12-11T05:53:11.314491,0.955,0.045,1.0
2025-12-11T05:53:11.929280,0.955,0.045,1.0
2025-12-11T05:53:12.545405,0.955,0.045,1.0
2025-12-11T05:53:13.154994,0.955,0.045,1.0
2025-12-11T05:53:13.771008,0.955,0.045,1.0
2025-12-11T05:53:14.382470,0.955,0.045,1.0
2025-12-11T05:53:14.996332,0.955,0.045,1.0
2025-12-11T05:53:15.604783,0.955,0.045,1.0
2025-12-11T05:53:16.211192,0.955,0.045,1.0
2025-12-11T05:53:16.822925,0.955,0.045,1.0
2025-12-11T05:53:17.429424,0.955,0.045,1.0
2025-12-11T05:53:18.035681,0.955,0.045,1.0
2025-12-11T05:53:18.640594,0.955,0.045,1.0
2025-12-11T05:53:19.251279,0.955,0.045,1.0
2025-12-11T05:53:19.866030,0.955,0.045,1.0
2025-12-11T05:53:20.476006,0.955,0.045,1.0
2025-12-11T05:53:21.080883,0.955,0.045,1.0
2025-12-11T05:53:21.692766,0.955,0.045,1.0
2025-12-11T05:53:22.299279,0.955,0.045,1.0
2025-12-11T05:53:22.909210,0.955,0.045,1.0
2025-12-11T05:53:23.515515,0.955,0.045,1.0
2025-12-11T05:53:24.123928,0.955,0.045,1.0
2025-12-11T05:53:24.733662,0.955,0.045,1.0
2025-12-11T05:53:25.343275,0.955,0.045,1.0
2025-12-11T05:53:25.945618,0.955,0.045,1.0
2025-12-11T05:53:26.555745,0.955,0.045,1.0
2025-12-11T05:53:27.166282,0.945,0.055,1.0
2025-12-11T05:53:27.813394,0.945,0.055,1.0
2025-12-11T05:53:28.413424,0.945,0.055,1.0
2025-12-11T05:53:29.026737,0.95,0.05,1.0
2025-12-11T05:53:29.643668,0.955,0.045,1.0
2025-12-11T05:53:30.251175,0.955,0.045,1.0
2025-12-11T05:53:30.860646,0.955,0.045,1.0
2025-12-11T05:53:31.467288,0.955,0.045,1.0
2025-12-11T05:53:32.073279,0.955,0.045,1.0
2025-12-11T05:53:32.708101,0.955,0.045,1.0
2025-12-11T05:53:33.301023,0.945,0.055,1.0
2025-12-11T05:53:33.907952,0.935,0.065,1.0
2025-12-11T05:53:34.511476,0.935,0.065,1.0
2025-12-11T05:53:35.116277,0.935,0.065,1.0
2025-12-11T05:53:35.720866,0.925,0.075,1.0
2025-12-11T05:53:36.318615,0.925,0.075,1.0
2025-12-11T05:53:36.922943,0.925,0.075,1.0
2025-12-11T05:53:37.530359,0.925,0.075,1.0
2025-12-11T05:53:38.135209,0.925,0.075,1.0
2025-12-11T05:53:38.735790,0.925,0.085,1.01
2025-12-11T05:53:39.334801,0.92,0.075,0.995
2025-12-11T05:53:39.945260,0.925,0.075,1.0
2025-12-11T05:53:40.560148,0.92,0.08,1.0
2025-12-11T05:53:41.168242,0.93,0.07,1.0
2025-12-11T05:53:41.774234,0.935,0.065,1.0
2025-12-11T05:53:42.379711,0.93,0.07,1.0
2025-12-11T05:53:42.993124,0.93,0.08,1.01
2025-12-11T05:53:42.012395,0.92,0.08,1.0
2025-12-11T05:53:42.619973,0.92,0.085,1.0050000000000001
2025-12-11T05:53:43.224798,0.915,0.085,1.0
2025-12-11T05:53:43.832038,0.915,0.085,1.0
2025-12-11T05:53:44.440624,0.91,0.09,1.0
2025-12-11T05:53:45.085206,0.91,0.085,0.995
2025-12-11T05:53:45.687395,0.925,0.075,1.0
2025-12-11T05:53:46.296380,0.92,0.08,1.0
2025-12-11T05:53:46.896509,0.915,0.085,1.0
2025-12-11T05:53:47.497961,0.92,0.08,1.0
2025-12-11T05:53:48.110589,0.915,0.085,1.0
2025-12-11T05:53:48.712278,0.915,0.085,1.0
2025-12-11T05:53:49.304203,0.925,0.075,1.0
2025-12-11T05:53:49.912727,0.925,0.075,1.0
2025-12-11T05:53:50.573884,0.925,0.075,1.0
2025-12-11T05:53:51.183018,0.925,0.075,1.0
2025-12-11T05:53:51.780900,0.925,0.065,0.99
2025-12-11T05:53:52.390420,0.925,0.075,1.0
2025-12-11T05:53:52.995987,0.925,0.075,1.0
2025-12-11T05:53:53.595080,0.925,0.075,1.0
2025-12-11T05:53:54.218266,0.925,0.075,1.0
2025-12-11T05:53:54.832712,0.925,0.075,1.0
2025-12-11T05:53:55.445266,0.93,0.07,1.0
2025-12-11T05:53:56.058247,0.93,0.07,1.0
2025-12-11T05:53:56.661935,0.93,0.07,1.0
2025-12-11T05:53:57.258448,0.93,0.07,1.0
2025-12-11T05:53:57.860993,0.93,0.07,1.0
2025-12-11T05:53:58.466403,0.93,0.07,1.0
2025-12-11T05:53:59.074316,0.93,0.07,1.0
2025-12-11T05:53:59.681850,0.925,0.075,1.0
2025-12-11T05:54:00.296259,0.93,0.07,1.0
2025-12-11T05:54:00.902983,0.935,0.055,0.9900000000000001
2025-12-11T05:54:01.516398,0.945,0.055,1.0
2025-12-11T05:54:02.130899,0.945,0.055,1.0
2025-12-11T05:54:02.740497,0.945,0.055,1.0
2025-12-11T05:54:03.403474,0.945,0.055,1.0
2025-12-11T05:54:04.001499,0.945,0.055,1.0
2025-12-11T05:54:04.602993,0.945,0.055,1.0
2025-12-11T05:54:05.204946,0.945,0.055,1.0
2025-12-11T05:54:05.809569,0.945,0.055,1.0
2025-12-11T05:54:06.453094,0.955,0.045,1.0
2025-12-11T05:54:07.080846,0.955,0.045,1.0
2025-12-11T05:54:07.691542,0.965,0.035,1.0
2025-12-11T05:54:08.298944,0.96,0.04,1.0
2025-12-11T05:54:08.917827,0.965,0.035,1.0
2025-12-11T05:54:09.532827,0.955,0.045,1.0
2025-12-11T05:54:10.148617,0.955,0.045,1.0
2025-12-11T05:54:10.756528,0.955,0.045,1.0
2025-12-11T05:54:11.363526,0.965,0.035,1.0
2025-12-11T05:54:11.957195,0.965,0.035,1.0
2025-12-11T05:54:12.567746,0.965,0.035,1.0
2025-12-11T05:54:13.185454,0.97,0.03,1.0
2025-12-11T05:54:13.779928,0.965,0.035,1.0
2025-12-11T05:54:12.818008,0.955,0.045,1.0
2025-12-11T05:54:13.431256,0.955,0.045,1.0
2025-12-11T05:54:14.050954,0.955,0.045,1.0
2025-12-11T05:54:14.659740,0.955,0.045,1.0
2025-12-11T05:54:15.266253,0.955,0.045,1.0
2025-12-11T05:54:15.877823,0.965,0.035,1.0
2025-12-11T05:54:16.492806,0.965,0.035,1.0
2025-12-11T05:54:17.108626,0.965,0.035,1.0
2025-12-11T05:54:17.718473,0.965,0.035,1.0
2025-12-11T05:54:18.331270,0.965,0.035,1.0
2025-12-11T05:54:18.940992,0.965,0.035,1.0
2025-12-11T05:54:19.550766,0.965,0.035,1.0
2025-12-11T05:54:20.154712,0.965,0.035,1.0
2025-12-11T05:54:20.770670,0.965,0.035,1.0
2025-12-11T05:54:21.387477,0.965,0.035,1.0
2025-12-11T05:54:22.000510,0.965,0.035,1.0
2025-12-11T05:54:22.617648,0.965,0.035,1.0
2025-12-11T05:54:23.230160,0.965,0.035,1.0
2025-12-11T05:54:23.846750,0.965,0.035,1.0
2025-12-11T05:54:24.455385,0.965,0.035,1.0
2025-12-11T05:54:25.063764,0.965,0.035,1.0
2025-12-11T05:54:25.672909,0.965,0.035,1.0
2025-12-11T05:54:26.285669,0.965,0.035,1.0
2025-12-11T05:54:26.898987,0.965,0.035,1.0
2025-12-11T05:54:27.509487,0.97,0.03,1.0
2025-12-11T05:54:28.406544,0.97,0.025,0.995
2025-12-11T05:54:29.009130,0.975,0.025,1.0
2025-12-11T05:54:29.619390,0.975,0.025,1.0
2025-12-11T05:54:30.232356,0.975,0.025,1.0
2025-12-11T05:54:30.838899,0.975,0.025,1.0
2025-12-11T05:54:31.434916,0.975,0.025,1.0
2025-12-11T05:54:32.049948,0.975,0.025,1.0
2025-12-11T05:54:32.668717,0.975,0.025,1.0
2025-12-11T05:54:33.287334,0.975,0.025,1.0
2025-12-11T05:54:33.894310,0.975,0.025,1.0
2025-12-11T05:54:34.497866,0.975,0.025,1.0
2025-12-11T05:54:35.103611,0.975,0.025,1.0
2025-12-11T05:54:35.712317,0.975,0.025,1.0
2025-12-11T05:54:36.324852,0.975,0.025,1.0
2025-12-11T05:54:36.934555,0.975,0.025,1.0
2025-12-11T05:54:37.544597,0.975,0.025,1.0
2025-12-11T05:54:38.162415,0.975,0.025,1.0
2025-12-11T05:54:38.782686,0.975,0.025,1.0
2025-12-11T05:54:39.388970,0.975,0.025,1.0
2025-12-11T05:54:40.010508,0.975,0.025,1.0
2025-12-11T05:54:40.619549,0.975,0.025,1.0
2025-12-11T05:54:41.228851,0.975,0.025,1.0
2025-12-11T05:54:41.837589,0.975,0.025,1.0
2025-12-11T05:54:42.450786,0.975,0.025,1.0
2025-12-11T05:54:43.057905,0.975,0.025,1.0
2025-12-11T05:54:43.669943,0.975,0.025,1.0
2025-12-11T05:54:44.271346,0.975,0.025,1.0
2025-12-11T05:54:43.335286,0.975,0.025,1.0
2025-12-11T05:54:43.951772,0.975,0.025,1.0
2025-12-11T05:54:44.564129,0.975,0.025,1.0
2025-12-11T05:54:45.172302,0.975,0.025,1.0
2025-12-11T05:54:45.791258,0.975,0.025,1.0
2025-12-11T05:54:46.394757,0.985,0.015,1.0
2025-12-11T05:54:47.011176,0.985,0.015,1.0
2025-12-11T05:54:47.621295,0.985,0.015,1.0
2025-12-11T05:54:48.239229,0.985,0.015,1.0
2025-12-11T05:54:48.845782,0.985,0.015,1.0
2025-12-11T05:54:49.454438,0.985,0.015,1.0
2025-12-11T05:54:50.067831,0.985,0.015,1.0
2025-12-11T05:54:50.656331,0.985,0.015,1.0
2025-12-11T05:54:51.264266,0.985,0.015,1.0
2025-12-11T05:54:51.874133,0.985,0.015,1.0
2025-12-11T05:54:52.489306,0.975,0.025,1.0
2025-12-11T05:54:53.100170,0.975,0.025,1.0
2025-12-11T05:54:53.709822,0.975,0.025,1.0
2025-12-11T05:54:54.329721,0.975,0.025,1.0
2025-12-11T05:54:54.935031,0.975,0.025,1.0
2025-12-11T05:54:55.544973,0.975,0.025,1.0
2025-12-11T05:54:56.160893,0.975,0.025,1.0
2025-12-11T05:54:56.771978,0.975,0.025,1.0
2025-12-11T05:54:57.387542,0.975,0.025,1.0
2025-12-11T05:54:57.997102,0.975,0.025,1.0
2025-12-11T05:54:58.620359,0.975,0.025,1.0
2025-12-11T05:54:59.231169,0.975,0.025,1.0
2025-12-11T05:54:59.842458,0.975,0.025,1.0
2025-12-11T05:55:00.458062,0.975,0.025,1.0
2025-12-11T05:55:01.071657,0.975,0.025,1.0
2025-12-11T05:55:01.678383,0.975,0.025,1.0
2025-12-11T05:55:02.289086,0.975,0.025,1.0
2025-12-11T05:55:02.905435,0.975,0.025,1.0
2025-12-11T05:55:03.513943,0.975,0.025,1.0
2025-12-11T05:55:04.123990,0.98,0.02,1.0
2025-12-11T05:55:04.747505,0.975,0.025,1.0
2025-12-11T05:55:05.359041,0.975,0.025,1.0
2025-12-11T05:55:05.968111,0.975,0.025,1.0
2025-12-11T05:55:06.579915,0.975,0.025,1.0
2025-12-11T05:55:07.192049,0.975,0.025,1.0
2025-12-11T05:55:07.800910,0.975,0.025,1.0
2025-12-11T05:55:08.408638,0.98,0.02,1.0
2025-12-11T05:55:09.004113,0.985,0.015,1.0
2025-12-11T05:55:09.608759,0.985,0.015,1.0
2025-12-11T05:55:10.214689,0.985,0.015,1.0
2025-12-11T05:55:10.818251,0.985,0.015,1.0
2025-12-11T05:55:11.424504,0.985,0.015,1.0
2025-12-11T05:55:12.020672,0.985,0.015,1.0
2025-12-11T05:55:12.624457,0.985,0.015,1.0
2025-12-11T05:55:13.228194,0.985,0.015,1.0
2025-12-11T05:55:13.832021,0.985,0.015,1.0
2025-12-11T05:55:14.435866,0.985,0.015,1.0
2025-12-11T05:55:15.034806,0.985,0.015,1.0
2025-12-11T05:55:14.087793,0.985,0.015,1.0
2025-12-11T05:55:14.691497,0.985,0.015,1.0
2025-12-11T05:55:15.297990,0.985,0.015,1.0
2025-12-11T05:55:15.914675,0.985,0.015,1.0
2025-12-11T05:55:16.521937,0.985,0.015,1.0
2025-12-11T05:55:17.136875,0.985,0.015,1.0
2025-12-11T05:55:17.735712,0.985,0.015,1.0
2025-12-11T05:55:18.340750,0.985,0.015,1.0
2025-12-11T05:55:18.946330,0.985,0.015,1.0
2025-12-11T05:55:19.552383,0.985,0.015,1.0
2025-12-11T05:55:20.158781,0.985,0.015,1.0
2025-12-11T05:55:20.778349,0.985,0.015,1.0
2025-12-11T05:55:21.383167,0.985,0.015,1.0
2025-12-11T05:55:21.987594,0.985,0.015,1.0
2025-12-11T05:55:22.586689,0.985,0.015,1.0
2025-12-11T05:55:23.192414,0.985,0.015,1.0
2025-12-11T05:55:23.796273,0.985,0.015,1.0
2025-12-11T05:55:24.394105,0.985,0.015,1.0
2025-12-11T05:55:24.996817,0.985,0.015,1.0
2025-12-11T05:55:25.612637,0.985,0.015,1.0
2025-12-11T05:55:26.213055,0.985,0.015,1.0
2025-12-11T05:55:26.816476,0.985,0.015,1.0
2025-12-11T05:55:27.420213,0.985,0.015,1.0
2025-12-11T05:55:28.027646,0.985,0.015,1.0
2025-12-11T05:55:28.645222,0.985,0.015,1.0
2025-12-11T05:55:29.252885,0.985,0.015,1.0
2025-12-11T05:55:29.861202,0.985,0.02,1.005
2025-12-11T05:55:30.469362,0.985,0.015,1.0
2025-12-11T05:55:31.091973,0.985,0.015,1.0
2025-12-11T05:55:31.696825,0.985,0.015,1.0
2025-12-11T05:55:32.292611,0.985,0.015,1.0
2025-12-11T05:55:32.890153,0.985,0.015,1.0
2025-12-11T05:55:33.489169,0.985,0.015,1.0
2025-12-11T05:55:34.091233,0.985,0.015,1.0
2025-12-11T05:55:34.702545,0.985,0.015,1.0
2025-12-11T05:55:35.307535,0.985,0.015,1.0
2025-12-11T05:55:35.915161,0.985,0.015,1.0
2025-12-11T05:55:36.520011,0.985,0.015,1.0
2025-12-11T05:55:37.117885,0.985,0.015,1.0
2025-12-11T05:55:37.718234,0.985,0.015,1.0
2025-12-11T05:55:38.330288,0.985,0.015,1.0
2025-12-11T05:55:38.931985,0.985,0.015,1.0
2025-12-11T05:55:39.537126,0.985,0.015,1.0
2025-12-11T05:55:40.143385,0.985,0.015,1.0
2025-12-11T05:55:40.754645,0.985,0.015,1.0
2025-12-11T05:55:41.352931,0.985,0.015,1.0
2025-12-11T05:55:41.964622,0.985,0.015,1.0
2025-12-11T05:55:42.559372,0.985,0.015,1.0
2025-12-11T05:55:43.169557,0.985,0.015,1.0
2025-12-11T05:55:43.797603,0.985,0.015,1.0
2025-12-11T05:55:44.426537,0.985,0.015,1.0
2025-12-11T05:55:45.022923,0.985,0.015,1.0
2025-12-11T05:55:45.658104,0.985,0.015,1.0
2025-12-11T05:55:44.699314,0.985,0.015,1.0
2025-12-11T05:55:45.319374,0.985,0.015,1.0
2025-12-11T05:55:45.914474,0.985,0.015,1.0
2025-12-11T05:55:46.524875,0.985,0.015,1.0
2025-12-11T05:55:47.144851,0.985,0.015,1.0
2025-12-11T05:55:47.754218,0.985,0.015,1.0
2025-12-11T05:55:48.354343,0.985,0.015,1.0
2025-12-11T05:55:48.959255,0.985,0.015,1.0
2025-12-11T05:55:49.575372,0.985,0.015,1.0
2025-12-11T05:55:50.185724,0.985,0.015,1.0
2025-12-11T05:55:50.797592,0.985,0.015,1.0
2025-12-11T05:55:51.410429,0.985,0.015,1.0
2025-12-11T05:55:52.014295,0.985,0.015,1.0
2025-12-11T05:55:52.624468,0.985,0.015,1.0
2025-12-11T05:55:53.231525,0.985,0.015,1.0
2025-12-11T05:55:53.839926,0.985,0.015,1.0
2025-12-11T05:55:54.449677,0.985,0.015,1.0
2025-12-11T05:55:55.057236,0.985,0.015,1.0
2025-12-11T05:55:55.658535,0.985,0.015,1.0
2025-12-11T05:55:56.269803,0.985,0.015,1.0
2025-12-11T05:55:56.880199,0.985,0.015,1.0
2025-12-11T05:55:57.495564,0.985,0.015,1.0
2025-12-11T05:55:58.094331,0.995,0.005,1.0
2025-12-11T05:55:58.704166,0.995,0.005,1.0
2025-12-11T05:55:59.313997,0.995,0.005,1.0
2025-12-11T05:55:59.926902,0.995,0.005,1.0
2025-12-11T05:56:00.535730,0.995,0.005,1.0
2025-12-11T05:56:01.131420,0.995,0.005,1.0
2025-12-11T05:56:01.738204,0.995,0.005,1.0
2025-12-11T05:56:02.350955,0.995,0.005,1.0
2025-12-11T05:56:02.961973,0.995,0.005,1.0
2025-12-11T05:56:03.567321,0.995,0.005,1.0
2025-12-11T05:56:04.168740,0.995,0.005,1.0
2025-12-11T05:56:04.779557,0.995,0.005,1.0
2025-12-11T05:56:05.392472,0.995,0.005,1.0
2025-12-11T05:56:06.002497,0.995,0.005,1.0
2025-12-11T05:56:06.617746,0.995,0.005,1.0
2025-12-11T05:56:07.248289,0.995,0.005,1.0
2025-12-11T05:56:07.858586,0.995,0.005,1.0
2025-12-11T05:56:08.475486,0.995,0.005,1.0
2025-12-11T05:56:09.089619,0.995,0.005,1.0
2025-12-11T05:56:09.697685,0.995,0.005,1.0
2025-12-11T05:56:10.311449,0.995,0.005,1.0
2025-12-11T05:56:10.928522,0.995,0.005,1.0
2025-12-11T05:56:11.534747,0.995,0.005,1.0
2025-12-11T05:56:12.153254,0.995,0.005,1.0
2025-12-11T05:56:12.764719,0.995,0.005,1.0
2025-12-11T05:56:13.362587,0.995,0.005,1.0
2025-12-11T05:56:13.970151,0.995,0.005,1.0
2025-12-11T05:56:14.573763,0.995,0.005,1.0
2025-12-11T05:56:15.197368,0.995,0.005,1.0
2025-12-11T05:56:15.810448,0.995,0.005,1.0
2025-12-11T05:56:16.411383,0.995,0.005,1.0
2025-12-11T05:56:15.451696,0.995,0.005,1.0
2025-12-11T05:56:16.065625,0.995,0.005,1.0
2025-12-11T05:56:16.675950,0.995,0.005,1.0
2025-12-11T05:56:17.296649,0.995,0.005,1.0
2025-12-11T05:56:17.896051,0.995,0.005,1.0
2025-12-11T05:56:18.504464,0.995,0.005,1.0
2025-12-11T05:56:19.123368,0.995,0.005,1.0
2025-12-11T05:56:19.736978,0.995,0.005,1.0
2025-12-11T05:56:20.340631,0.995,0.005,1.0
2025-12-11T05:56:20.951579,0.995,0.005,1.0
2025-12-11T05:56:21.564963,0.995,0.005,1.0
2025-12-11T05:56:22.175589,0.995,0.005,1.0
2025-12-11T05:56:22.779820,0.995,0.005,1.0
2025-12-11T05:56:23.392973,0.995,0.005,1.0
2025-12-11T05:56:24.004176,0.995,0.005,1.0
2025-12-11T05:56:24.614834,0.995,0.005,1.0
2025-12-11T05:56:25.220576,0.995,0.005,1.0
2025-12-11T05:56:25.834185,0.995,0.005,1.0
2025-12-11T05:56:26.442460,0.995,0.005,1.0
2025-12-11T05:56:27.059641,0.995,0.005,1.0
2025-12-11T05:56:27.668674,0.995,0.005,1.0
2025-12-11T05:56:28.273605,0.995,0.005,1.0
2025-12-11T05:56:28.931219,0.995,0.005,1.0
2025-12-11T05:56:29.545688,0.995,0.005,1.0
2025-12-11T05:56:30.155955,0.995,0.005,1.0
2025-12-11T05:56:30.774849,0.995,0.005,1.0
2025-12-11T05:56:31.396381,0.995,0.005,1.0
2025-12-11T05:56:32.014490,0.995,0.005,1.0
2025-12-11T05:56:32.622019,0.995,0.005,1.0
2025-12-11T05:56:33.228341,0.995,0.005,1.0
2025-12-11T05:56:33.878920,0.995,0.005,1.0
2025-12-11T05:56:34.483658,0.995,0.005,1.0
2025-12-11T05:56:35.096656,0.995,0.005,1.0
2025-12-11T05:56:35.709904,0.995,0.005,1.0
2025-12-11T05:56:36.313667,0.995,0.005,1.0
2025-12-11T05:56:36.920261,0.995,0.005,1.0
2025-12-11T05:56:37.524403,0.995,0.005,1.0
2025-12-11T05:56:38.124806,0.985,0.015,1.0
2025-12-11T05:56:38.736020,0.985,0.015,1.0
2025-12-11T05:56:39.345766,0.985,0.015,1.0
2025-12-11T05:56:39.956593,0.985,0.015,1.0
2025-12-11T05:56:40.550363,0.985,0.015,1.0
2025-12-11T05:56:41.157221,0.985,0.015,1.0
2025-12-11T05:56:41.775833,0.985,0.015,1.0
2025-12-11T05:56:42.385170,0.985,0.015,1.0
2025-12-11T05:56:42.999059,0.99,0.005,0.995
2025-12-11T05:56:43.606249,0.995,0.005,1.0
2025-12-11T05:56:44.214474,0.995,0.005,1.0
2025-12-11T05:56:44.824591,0.995,0.005,1.0
2025-12-11T05:56:45.426539,0.995,0.005,1.0
2025-12-11T05:56:46.031682,0.995,0.005,1.0
2025-12-11T05:56:46.630742,0.99,0.01,1.0
2025-12-11T05:56:47.255642,0.99,0.01,1.0
2025-12-11T05:56:46.296684,0.99,0.01,1.0
2025-12-11T05:56:46.906239,0.99,0.01,1.0
2025-12-11T05:56:47.521459,0.99,0.01,1.0
2025-12-11T05:56:48.116117,0.99,0.01,1.0
2025-12-11T05:56:48.709249,0.995,0.005,1.0
2025-12-11T05:56:49.320305,0.995,0.005,1.0
2025-12-11T05:56:49.936751,0.995,0.005,1.0
2025-12-11T05:56:50.551256,0.995,0.005,1.0
2025-12-11T05:56:51.161308,0.995,0.005,1.0
2025-12-11T05:56:51.778937,0.995,0.005,1.0
2025-12-11T05:56:52.381389,0.995,0.005,1.0
2025-12-11T05:56:52.995643,0.995,0.005,1.0
2025-12-11T05:56:53.601290,0.995,0.005,1.0
2025-12-11T05:56:54.221353,0.995,0.005,1.0
2025-12-11T05:56:54.834850,0.995,0.005,1.0
2025-12-11T05:56:55.442943,0.995,0.005,1.0
2025-12-11T05:56:56.052070,0.995,0.005,1.0
2025-12-11T05:56:56.665038,0.995,0.005,1.0
2025-12-11T05:56:57.272191,0.995,0.005,1.0
2025-12-11T05:56:57.878892,0.995,0.005,1.0
2025-12-11T05:56:58.497152,0.995,0.005,1.0
2025-12-11T05:56:59.110021,0.995,0.005,1.0
2025-12-11T05:56:59.719883,0.995,0.005,1.0
2025-12-11T05:57:00.321282,0.995,0.005,1.0
2025-12-11T05:57:00.952416,0.995,0.005,1.0
2025-12-11T05:57:01.558136,0.995,0.005,1.0
2025-12-11T05:57:02.157989,0.995,0.005,1.0
2025-12-11T05:57:02.765365,0.995,0.005,1.0
2025-12-11T05:57:03.366036,0.995,0.005,1.0
2025-12-11T05:57:03.959195,0.995,0.005,1.0
2025-12-11T05:57:04.555199,0.995,0.005,1.0
2025-12-11T05:57:05.159640,0.995,0.005,1.0
2025-12-11T05:57:05.767069,0.995,0.005,1.0
2025-12-11T05:57:06.361036,0.995,0.005,1.0
2025-12-11T05:57:06.955786,0.995,0.005,1.0
2025-12-11T05:57:07.560650,0.995,0.005,1.0
2025-12-11T05:57:08.156943,0.995,0.005,1.0
2025-12-11T05:57:08.759488,0.995,0.005,1.0
2025-12-11T05:57:09.354086,0.995,0.005,1.0
2025-12-11T05:57:09.952708,0.995,0.005,1.0
2025-12-11T05:57:10.555368,0.995,0.005,1.0
2025-12-11T05:57:11.150559,0.995,0.005,1.0
2025-12-11T05:57:11.750453,0.995,0.005,1.0
2025-12-11T05:57:12.351300,0.995,0.005,1.0
2025-12-11T05:57:12.953448,0.995,0.005,1.0
2025-12-11T05:57:13.557374,0.995,0.005,1.0
2025-12-11T05:57:14.165555,0.995,0.005,1.0
2025-12-11T05:57:14.765055,0.995,0.005,1.0
2025-12-11T05:57:15.367807,0.995,0.005,1.0
2025-12-11T05:57:15.965982,0.995,0.005,1.0
2025-12-11T05:57:16.566075,0.995,0.005,1.0
2025-12-11T05:57:17.161549,0.995,0.005,1.0
2025-12-11T05:57:17.764818,0.995,0.005,1.0
2025-12-11T05:57:16.789558,0.995,0.005,1.0
2025-12-11T05:57:17.391580,0.995,0.005,1.0
2025-12-11T05:57:17.988029,0.995,0.005,1.0
2025-12-11T05:57:18.582761,0.995,0.005,1.0
2025-12-11T05:57:19.197186,0.995,0.005,1.0
2025-12-11T05:57:19.793910,0.995,0.005,1.0
2025-12-11T05:57:20.391842,0.995,0.005,1.0
2025-12-11T05:57:20.993276,0.995,0.005,1.0
2025-12-11T05:57:21.588986,0.995,0.005,1.0
2025-12-11T05:57:22.194575,0.995,0.005,1.0
2025-12-11T05:57:22.794480,0.995,0.005,1.0
2025-12-11T05:57:23.399097,0.995,0.005,1.0
2025-12-11T05:57:24.004457,0.995,0.005,1.0
2025-12-11T05:57:24.598345,0.995,0.005,1.0
2025-12-11T05:57:25.197488,0.995,0.005,1.0
2025-12-11T05:57:25.797054,0.995,0.005,1.0
2025-12-11T05:57:26.391078,0.995,0.005,1.0
2025-12-11T05:57:26.999837,0.995,0.005,1.0
2025-12-11T05:57:27.604024,0.995,0.005,1.0
2025-12-11T05:57:28.208010,0.995,0.005,1.0
2025-12-11T05:57:28.832320,0.995,0.005,1.0
2025-12-11T05:57:29.429960,0.995,0.005,1.0
2025-12-11T05:57:30.022281,0.995,0.005,1.0
2025-12-11T05:57:30.623047,0.995,0.005,1.0
2025-12-11T05:57:31.225335,0.995,0.005,1.0
2025-12-11T05:57:31.830280,0.995,0.005,1.0
2025-12-11T05:57:32.438501,0.995,0.005,1.0
2025-12-11T05:57:33.037897,0.995,0.005,1.0
2025-12-11T05:57:33.637781,0.995,0.005,1.0
2025-12-11T05:57:34.257875,0.995,0.005,1.0
2025-12-11T05:57:34.856317,0.995,0.005,1.0
2025-12-11T05:57:35.460097,0.995,0.005,1.0
2025-12-11T05:57:36.066082,0.995,0.005,1.0
2025-12-11T05:57:36.667160,0.995,0.005,1.0
2025-12-11T05:57:37.271100,0.995,0.005,1.0
2025-12-11T05:57:37.872537,0.995,0.005,1.0
2025-12-11T05:57:38.479245,0.995,0.005,1.0
2025-12-11T05:57:39.090971,0.995,0.005,1.0
2025-12-11T05:57:39.694194,0.995,0.005,1.0
2025-12-11T05:57:40.302417,0.995,0.005,1.0
2025-12-11T05:57:40.904911,0.995,0.005,1.0
2025-12-11T05:57:41.511404,0.995,0.005,1.0
2025-12-11T05:57:42.118720,0.995,0.005,1.0
2025-12-11T05:57:42.726423,0.995,0.005,1.0
2025-12-11T05:57:43.333160,0.995,0.005,1.0
2025-12-11T05:57:43.929900,0.995,0.005,1.0
2025-12-11T05:57:44.540036,0.995,0.005,1.0
2025-12-11T05:57:45.151869,0.995,0.005,1.0
2025-12-11T05:57:45.809410,0.995,0.005,1.0
2025-12-11T05:57:46.414643,0.995,0.005,1.0
2025-12-11T05:57:47.012941,0.995,0.005,1.0
2025-12-11T05:57:47.609164,0.995,0.005,1.0
2025-12-11T05:57:48.201028,0.995,0.005,1.0
2025-12-11T05:57:47.210796,0.995,0.005,1.0
2025-12-11T05:57:47.816731,0.995,0.005,1.0
2025-12-11T05:57:48.422729,0.995,0.005,1.0
2025-12-11T05:57:49.024358,0.995,0.005,1.0
2025-12-11T05:57:49.633632,0.995,0.005,1.0
2025-12-11T05:57:50.232975,0.995,0.005,1.0
2025-12-11T05:57:50.829689,0.995,0.005,1.0
2025-12-11T05:57:51.426248,0.995,0.005,1.0
2025-12-11T05:57:52.027916,0.995,0.005,1.0
2025-12-11T05:57:52.632456,0.995,0.005,1.0
2025-12-11T05:57:53.225002,0.995,0.005,1.0
2025-12-11T05:57:53.835470,0.995,0.005,1.0
2025-12-11T05:57:54.444503,0.995,0.005,1.0
2025-12-11T05:57:55.041614,0.995,0.005,1.0
2025-12-11T05:57:55.640750,0.995,0.005,1.0
2025-12-11T05:57:56.258650,0.995,0.005,1.0
2025-12-11T05:57:56.869617,0.995,0.005,1.0
2025-12-11T05:57:57.474951,0.995,0.005,1.0
2025-12-11T05:57:58.081690,0.995,0.005,1.0
2025-12-11T05:57:58.691735,0.995,0.005,1.0
2025-12-11T05:57:59.298960,0.995,0.005,1.0
2025-12-11T05:57:59.902389,0.995,0.005,1.0
2025-12-11T05:58:00.508845,0.995,0.005,1.0
2025-12-11T05:58:01.118607,0.995,0.005,1.0
2025-12-11T05:58:01.737483,0.995,0.005,1.0
2025-12-11T05:58:02.345965,0.995,0.005,1.0
2025-12-11T05:58:02.967892,0.995,0.005,1.0
2025-12-11T05:58:03.582867,0.995,0.005,1.0
2025-12-11T05:58:04.191334,0.995,0.005,1.0
2025-12-11T05:58:04.796997,0.995,0.005,1.0
2025-12-11T05:58:05.393478,0.995,0.005,1.0
2025-12-11T05:58:06.004611,0.995,0.005,1.0
2025-12-11T05:58:06.615206,0.995,0.005,1.0
2025-12-11T05:58:07.219351,0.995,0.005,1.0
2025-12-11T05:58:07.829000,0.995,0.005,1.0
2025-12-11T05:58:08.438623,0.995,0.005,1.0
2025-12-11T05:58:09.048643,0.995,0.005,1.0
2025-12-11T05:58:09.658771,0.995,0.005,1.0
2025-12-11T05:58:10.271155,0.995,0.005,1.0
2025-12-11T05:58:10.893405,0.995,0.005,1.0
2025-12-11T05:58:11.501549,0.995,0.005,1.0
2025-12-11T05:58:12.114621,0.995,0.005,1.0
2025-12-11T05:58:12.728773,0.995,0.005,1.0
2025-12-11T05:58:13.328438,0.995,0.005,1.0
2025-12-11T05:58:13.938821,0.995,0.005,1.0
2025-12-11T05:58:14.543369,0.995,0.005,1.0
2025-12-11T05:58:15.149597,0.995,0.005,1.0
2025-12-11T05:58:15.756377,0.995,0.005,1.0
2025-12-11T05:58:16.365088,0.995,0.005,1.0
2025-12-11T05:58:16.973476,0.995,0.005,1.0
2025-12-11T05:58:17.623177,0.995,0.005,1.0
2025-12-11T05:58:18.227679,0.995,0.005,1.0
2025-12-11T05:58:18.848330,0.995,0.005,1.0
2025-12-11T05:58:17.905305,0.995,0.005,1.0
2025-12-11T05:58:18.515929,0.995,0.005,1.0
2025-12-11T05:58:19.120278,0.995,0.005,1.0
2025-12-11T05:58:19.726999,0.995,0.005,1.0
2025-12-11T05:58:20.427479,0.995,0.005,1.0
2025-12-11T05:58:21.036683,0.995,0.005,1.0
2025-12-11T05:58:21.647523,0.995,0.005,1.0
2025-12-11T05:58:22.257130,0.995,0.005,1.0
2025-12-11T05:58:22.876044,0.995,0.005,1.0
2025-12-11T05:58:23.481497,0.995,0.005,1.0
2025-12-11T05:58:24.087173,0.995,0.005,1.0
2025-12-11T05:58:24.690878,0.995,0.005,1.0
2025-12-11T05:58:25.306693,0.995,0.005,1.0
2025-12-11T05:58:25.916186,0.995,0.005,1.0
2025-12-11T05:58:26.528963,0.995,0.005,1.0
2025-12-11T05:58:27.140716,0.995,0.005,1.0
2025-12-11T05:58:27.742993,0.995,0.005,1.0
2025-12-11T05:58:28.354762,0.995,0.005,1.0
2025-12-11T05:58:28.965421,0.995,0.005,1.0
2025-12-11T05:58:29.576018,0.995,0.005,1.0
2025-12-11T05:58:30.189267,0.995,0.005,1.0
2025-12-11T05:58:30.803792,0.995,0.005,1.0
2025-12-11T05:58:31.415308,0.995,0.005,1.0
2025-12-11T05:58:32.022626,0.995,0.005,1.0
2025-12-11T05:58:32.634871,0.995,0.005,1.0
2025-12-11T05:58:33.244114,0.995,0.005,1.0
2025-12-11T05:58:33.853142,0.995,0.005,1.0
2025-12-11T05:58:34.460211,0.995,0.005,1.0
2025-12-11T05:58:35.075199,0.995,0.005,1.0
2025-12-11T05:58:35.674775,0.995,0.005,1.0
2025-12-11T05:58:36.283592,0.995,0.005,1.0
2025-12-11T05:58:36.894902,0.995,0.005,1.0
2025-12-11T05:58:37.503689,0.995,0.005,1.0
2025-12-11T05:58:38.112914,0.995,0.005,1.0
2025-12-11T05:58:38.744489,0.995,0.005,1.0
2025-12-11T05:58:39.353310,0.995,0.005,1.0
2025-12-11T05:58:39.969703,0.995,0.005,1.0
2025-12-11T05:58:40.580165,0.995,0.005,1.0
2025-12-11T05:58:41.208840,0.995,0.005,1.0
2025-12-11T05:58:41.821084,0.995,0.005,1.0
2025-12-11T05:58:42.429314,0.995,0.005,1.0
2025-12-11T05:58:43.048339,0.995,0.005,1.0
2025-12-11T05:58:43.646064,0.995,0.005,1.0
2025-12-11T05:58:44.249036,0.995,0.005,1.0
2025-12-11T05:58:44.863444,0.995,0.005,1.0
2025-12-11T05:58:45.473471,0.995,0.005,1.0
2025-12-11T05:58:46.089031,0.995,0.005,1.0
2025-12-11T05:58:46.701177,0.995,0.005,1.0
2025-12-11T05:58:47.303669,0.995,0.005,1.0
2025-12-11T05:58:47.920094,0.995,0.005,1.0
2025-12-11T05:58:48.523891,0.995,0.005,1.0
2025-12-11T05:58:49.130774,0.995,0.005,1.0
2025-12-11T05:58:49.740701,0.995,0.005,1.0
2025-12-11T05:58:48.780453,0.995,0.005,1.0
2025-12-11T05:58:49.393815,0.995,0.005,1.0
2025-12-11T05:58:50.003899,0.995,0.005,1.0
2025-12-11T05:58:50.614604,0.995,0.005,1.0
2025-12-11T05:58:51.229179,0.995,0.005,1.0
2025-12-11T05:58:51.843211,0.995,0.005,1.0
2025-12-11T05:58:52.453090,0.995,0.005,1.0
2025-12-11T05:58:53.061666,0.995,0.005,1.0
2025-12-11T05:58:53.672647,0.995,0.005,1.0
2025-12-11T05:58:54.292260,0.995,0.005,1.0
2025-12-11T05:58:54.904248,0.995,0.005,1.0
2025-12-11T05:58:55.515037,0.995,0.005,1.0
2025-12-11T05:58:56.122768,0.995,0.005,1.0
2025-12-11T05:58:56.739081,0.995,0.005,1.0
2025-12-11T05:58:57.352161,0.995,0.005,1.0
2025-12-11T05:58:57.960590,0.995,0.005,1.0
2025-12-11T05:58:58.577803,0.995,0.005,1.0
2025-12-11T05:58:59.187346,0.995,0.005,1.0
2025-12-11T05:58:59.802578,0.995,0.005,1.0
2025-12-11T05:59:00.415108,0.995,0.005,1.0
2025-12-11T05:59:01.035302,0.995,0.005,1.0
2025-12-11T05:59:01.645612,0.995,0.005,1.0
2025-12-11T05:59:02.254548,0.995,0.005,1.0
2025-12-11T05:59:02.879423,0.995,0.005,1.0
2025-12-11T05:59:03.504495,0.995,0.005,1.0
2025-12-11T05:59:04.125132,0.995,0.005,1.0
2025-12-11T05:59:04.741610,0.995,0.005,1.0
2025-12-11T05:59:05.361093,0.995,0.005,1.0
2025-12-11T05:59:05.969181,0.995,0.005,1.0
2025-12-11T05:59:06.581828,0.995,0.005,1.0
2025-12-11T05:59:07.194856,0.995,0.005,1.0
2025-12-11T05:59:07.810534,0.995,0.005,1.0
2025-12-11T05:59:08.438514,0.995,0.005,1.0
2025-12-11T05:59:09.061318,0.995,0.005,1.0
2025-12-11T05:59:09.681108,0.995,0.005,1.0
2025-12-11T05:59:10.289960,0.995,0.005,1.0
2025-12-11T05:59:10.901424,0.995,0.005,1.0
2025-12-11T05:59:11.504077,0.995,0.005,1.0
2025-12-11T05:59:12.115446,0.995,0.005,1.0
2025-12-11T05:59:12.729185,0.995,0.005,1.0
2025-12-11T05:59:13.340497,0.995,0.005,1.0
2025-12-11T05:59:13.953306,0.995,0.005,1.0
2025-12-11T05:59:14.558951,0.995,0.005,1.0
2025-12-11T05:59:15.172418,0.995,0.005,1.0
2025-12-11T05:59:15.787140,0.995,0.005,1.0
2025-12-11T05:59:16.397838,0.995,0.005,1.0
2025-12-11T05:59:17.010806,0.995,0.005,1.0
2025-12-11T05:59:17.616835,0.995,0.005,1.0
2025-12-11T05:59:18.228368,0.995,0.005,1.0
2025-12-11T05:59:18.839947,0.995,0.005,1.0
2025-12-11T05:59:19.452116,0.995,0.005,1.0
2025-12-11T05:59:20.063066,0.995,0.005,1.0
2025-12-11T05:59:20.668199,0.995,0.005,1.0
2025-12-11T05:59:19.711448,0.995,0.005,1.0
2025-12-11T05:59:20.347782,0.995,0.005,1.0
2025-12-11T05:59:20.963790,0.995,0.005,1.0
2025-12-11T05:59:21.581471,0.995,0.005,1.0
2025-12-11T05:59:22.181676,0.995,0.005,1.0
2025-12-11T05:59:22.803367,0.995,0.005,1.0
2025-12-11T05:59:23.421420,0.995,0.005,1.0
2025-12-11T05:59:24.033270,0.995,0.005,1.0
2025-12-11T05:59:24.637338,0.995,0.005,1.0
2025-12-11T05:59:25.241551,0.995,0.005,1.0
2025-12-11T05:59:25.848087,0.995,0.005,1.0
2025-12-11T05:59:26.460413,0.995,0.005,1.0
2025-12-11T05:59:27.077146,0.995,0.005,1.0
2025-12-11T05:59:27.692316,0.995,0.005,1.0
2025-12-11T05:59:28.296877,0.995,0.005,1.0
2025-12-11T05:59:28.906390,0.995,0.005,1.0
2025-12-11T05:59:29.520335,0.995,0.005,1.0
2025-12-11T05:59:30.134644,0.995,0.005,1.0
2025-12-11T05:59:30.752864,0.995,0.005,1.0
2025-12-11T05:59:31.380665,0.995,0.005,1.0
2025-12-11T05:59:32.003755,0.995,0.005,1.0
2025-12-11T05:59:32.607359,0.995,0.005,1.0
2025-12-11T05:59:33.218834,0.995,0.005,1.0
2025-12-11T05:59:33.837241,0.995,0.005,1.0
2025-12-11T05:59:34.439160,0.995,0.005,1.0
2025-12-11T05:59:35.055979,0.995,0.005,1.0
2025-12-11T05:59:35.669848,0.995,0.005,1.0
2025-12-11T05:59:36.279698,0.995,0.005,1.0
2025-12-11T05:59:36.893211,0.995,0.005,1.0
2025-12-11T05:59:37.496738,0.995,0.005,1.0
2025-12-11T05:59:38.115272,0.995,0.005,1.0
2025-12-11T05:59:38.728441,0.995,0.005,1.0
2025-12-11T05:59:39.343690,0.995,0.005,1.0
2025-12-11T05:59:39.958427,0.995,0.005,1.0
2025-12-11T05:59:40.574510,0.995,0.005,1.0
2025-12-11T05:59:41.192249,0.995,0.005,1.0
2025-12-11T05:59:41.829503,0.995,0.005,1.0
2025-12-11T05:59:42.439205,0.995,0.005,1.0
2025-12-11T05:59:43.052487,0.995,0.005,1.0
2025-12-11T05:59:43.653481,0.995,0.005,1.0
2025-12-11T05:59:44.266737,0.995,0.005,1.0
2025-12-11T05:59:44.877977,0.995,0.005,1.0
2025-12-11T05:59:45.490113,0.995,0.005,1.0
2025-12-11T05:59:46.113807,0.995,0.005,1.0
2025-12-11T05:59:46.715385,0.995,0.005,1.0
2025-12-11T05:59:47.336246,0.995,0.005,1.0
2025-12-11T05:59:47.966035,0.995,0.005,1.0
2025-12-11T05:59:48.567014,0.995,0.005,1.0
2025-12-11T05:59:49.183811,0.995,0.005,1.0
2025-12-11T05:59:49.875792,0.995,0.005,1.0
2025-12-11T05:59:50.490030,0.995,0.005,1.0
2025-12-11T05:59:51.104846,0.995,0.005,1.0
2025-12-11T05:59:50.160010,0.995,0.005,1.0
2025-12-11T05:59:50.776332,0.995,0.005,1.0
2025-12-11T05:59:51.375122,0.995,0.005,1.0
2025-12-11T05:59:51.989404,0.995,0.005,1.0
2025-12-11T05:59:52.606262,0.995,0.005,1.0
2025-12-11T05:59:53.217843,0.995,0.005,1.0
2025-12-11T05:59:53.841213,0.995,0.005,1.0
2025-12-11T05:59:54.445526,0.995,0.005,1.0
2025-12-11T05:59:55.051583,0.995,0.005,1.0
2025-12-11T05:59:55.679903,0.995,0.005,1.0
2025-12-11T05:59:56.292452,0.995,0.005,1.0
2025-12-11T05:59:56.949540,0.995,0.005,1.0
2025-12-11T05:59:57.562340,0.995,0.005,1.0
2025-12-11T05:59:58.177684,0.995,0.005,1.0
2025-12-11T05:59:58.784604,0.995,0.005,1.0
2025-12-11T05:59:59.398122,0.995,0.005,1.0
2025-12-11T06:00:00.019907,0.995,0.005,1.0
2025-12-11T06:00:00.623188,0.995,0.005,1.0
2025-12-11T06:00:01.233522,0.995,0.005,1.0
2025-12-11T06:00:01.847557,0.995,0.005,1.0
2025-12-11T06:00:02.456219,0.995,0.005,1.0
2025-12-11T06:00:03.055586,0.995,0.005,1.0
2025-12-11T06:00:03.660484,0.995,0.005,1.0
2025-12-11T06:00:04.277986,0.995,0.005,1.0
2025-12-11T06:00:04.899895,0.995,0.005,1.0
2025-12-11T06:00:05.515969,0.995,0.005,1.0
2025-12-11T06:00:06.129185,0.995,0.005,1.0
2025-12-11T06:00:06.747783,0.995,0.005,1.0
2025-12-11T06:00:07.348332,0.995,0.005,1.0
2025-12-11T06:00:07.965131,0.995,0.005,1.0
2025-12-11T06:00:08.569231,0.995,0.005,1.0
2025-12-11T06:00:09.180743,0.995,0.005,1.0
2025-12-11T06:00:09.784025,0.995,0.005,1.0
2025-12-11T06:00:10.400521,0.995,0.005,1.0
2025-12-11T06:00:11.019261,0.995,0.005,1.0
2025-12-11T06:00:11.650736,0.995,0.005,1.0
2025-12-11T06:00:12.264143,0.995,0.005,1.0
2025-12-11T06:00:12.862205,0.995,0.005,1.0
2025-12-11T06:00:13.473659,0.995,0.005,1.0
2025-12-11T06:00:14.092136,0.995,0.005,1.0
2025-12-11T06:00:14.706624,0.995,0.005,1.0
2025-12-11T06:00:15.323138,0.995,0.005,1.0
2025-12-11T06:00:15.927939,0.995,0.005,1.0
2025-12-11T06:00:16.546302,0.995,0.005,1.0
2025-12-11T06:00:17.158634,0.995,0.005,1.0
2025-12-11T06:00:17.758057,0.995,0.005,1.0
2025-12-11T06:00:18.372143,0.995,0.005,1.0
2025-12-11T06:00:18.972014,0.995,0.005,1.0
2025-12-11T06:00:19.596522,0.995,0.005,1.0
2025-12-11T06:00:20.212041,0.995,0.005,1.0
2025-12-11T06:00:20.824325,0.995,0.005,1.0
2025-12-11T06:00:21.438443,0.995,0.005,1.0
2025-12-11T06:00:22.049334,0.995,0.005,1.0
2025-12-11T06:00:21.116990,0.995,0.005,1.0
2025-12-11T06:00:21.731638,0.995,0.005,1.0
2025-12-11T06:00:22.358786,0.995,0.005,1.0
2025-12-11T06:00:22.971866,0.995,0.005,1.0
2025-12-11T06:00:23.583058,0.995,0.005,1.0
2025-12-11T06:00:24.200004,0.995,0.005,1.0
2025-12-11T06:00:24.805044,0.995,0.005,1.0
2025-12-11T06:00:25.405270,0.995,0.005,1.0
2025-12-11T06:00:26.016923,0.995,0.005,1.0
2025-12-11T06:00:26.631343,0.995,0.005,1.0
2025-12-11T06:00:27.245640,0.995,0.005,1.0
2025-12-11T06:00:27.858402,0.995,0.005,1.0
2025-12-11T06:00:28.472328,0.995,0.005,1.0
2025-12-11T06:00:29.082226,0.995,0.005,1.0
2025-12-11T06:00:29.706665,0.995,0.005,1.0
2025-12-11T06:00:30.325957,0.995,0.005,1.0
2025-12-11T06:00:30.921609,0.995,0.005,1.0
2025-12-11T06:00:31.538920,0.995,0.005,1.0
2025-12-11T06:00:32.150310,0.995,0.005,1.0
2025-12-11T06:00:32.761485,0.995,0.005,1.0
2025-12-11T06:00:33.365513,0.995,0.005,1.0
2025-12-11T06:00:33.987228,0.995,0.005,1.0
2025-12-11T06:00:34.602576,0.995,0.005,1.0
2025-12-11T06:00:35.219466,0.995,0.005,1.0
2025-12-11T06:00:35.832074,0.995,0.005,1.0
2025-12-11T06:00:36.446756,0.995,0.005,1.0
2025-12-11T06:00:37.047495,0.995,0.005,1.0
2025-12-11T06:00:37.659571,0.995,0.005,1.0
2025-12-11T06:00:38.272685,0.995,0.005,1.0
2025-12-11T06:00:38.888544,0.995,0.005,1.0
2025-12-11T06:00:39.504102,0.995,0.005,1.0
2025-12-11T06:00:40.112281,0.995,0.005,1.0
2025-12-11T06:00:40.726994,0.995,0.005,1.0
2025-12-11T06:00:41.341251,0.995,0.005,1.0
2025-12-11T06:00:41.954740,0.995,0.005,1.0
2025-12-11T06:00:42.642280,0.995,0.005,1.0
2025-12-11T06:00:43.254053,0.995,0.005,1.0
2025-12-11T06:00:43.866283,0.995,0.005,1.0
2025-12-11T06:00:44.480113,0.995,0.005,1.0
2025-12-11T06:00:45.091327,0.995,0.005,1.0
2025-12-11T06:00:45.701969,0.995,0.005,1.0
2025-12-11T06:00:46.331664,0.995,0.005,1.0
2025-12-11T06:00:46.945216,0.995,0.005,1.0
2025-12-11T06:00:47.560975,0.995,0.005,1.0
2025-12-11T06:00:48.177926,0.995,0.005,1.0
2025-12-11T06:00:48.794168,0.995,0.005,1.0
2025-12-11T06:00:49.394177,0.995,0.005,1.0
2025-12-11T06:00:50.002028,0.995,0.005,1.0
2025-12-11T06:00:50.613258,0.995,0.005,1.0
2025-12-11T06:00:51.223319,0.995,0.005,1.0
2025-12-11T06:00:51.838078,0.995,0.005,1.0
2025-12-11T06:00:52.436152,0.995,0.005,1.0
2025-12-11T06:00:51.496628,0.995,0.005,1.0
2025-12-11T06:00:52.108649,0.995,0.005,1.0
2025-12-11T06:00:52.706911,0.995,0.005,1.0
2025-12-11T06:00:53.314764,0.995,0.005,1.0
2025-12-11T06:00:53.949305,0.995,0.005,1.0
2025-12-11T06:00:54.560081,0.995,0.005,1.0
2025-12-11T06:00:55.173424,0.995,0.005,1.0
2025-12-11T06:00:55.774122,0.995,0.005,1.0
2025-12-11T06:00:56.384641,0.995,0.005,1.0
2025-12-11T06:00:56.994543,0.995,0.005,1.0
2025-12-11T06:00:57.611347,0.995,0.005,1.0
2025-12-11T06:00:58.222445,0.995,0.005,1.0
2025-12-11T06:00:58.818919,0.995,0.005,1.0
2025-12-11T06:00:59.429541,0.995,0.005,1.0
2025-12-11T06:01:00.044853,0.995,0.005,1.0
