timestamp,price_yes,price_no,sum_prices
2025-12-10T22:16:00.651058,0.505,0.495,1.0
2025-12-10T22:16:01.313054,0.505,0.495,1.0
2025-12-10T22:16:01.931620,0.505,0.495,1.0
2025-12-10T22:16:02.553064,0.515,0.485,1.0
2025-12-10T22:16:03.178194,0.51,0.495,1.005
2025-12-10T22:16:03.830143,0.495,0.505,1.0
2025-12-10T22:16:04.449445,0.495,0.505,1.0
2025-12-10T22:16:05.076133,0.505,0.495,1.0
2025-12-10T22:16:05.723860,0.51,0.49,1.0
2025-12-10T22:16:06.345018,0.515,0.485,1.0
2025-12-10T22:16:06.977503,0.515,0.485,1.0
2025-12-10T22:16:07.624301,0.515,0.485,1.0
2025-12-10T22:16:08.261995,0.525,0.47,0.995
2025-12-10T22:16:08.893150,0.54,0.46,1.0
2025-12-10T22:16:09.516325,0.545,0.455,1.0
2025-12-10T22:16:10.135458,0.545,0.455,1.0
2025-12-10T22:16:10.756750,0.555,0.445,1.0
2025-12-10T22:16:11.435024,0.555,0.445,1.0
2025-12-10T22:16:12.045219,0.605,0.4,1.005
2025-12-10T22:16:12.721535,0.625,0.38,1.005
2025-12-10T22:16:13.355909,0.635,0.365,1.0
2025-12-10T22:16:13.980296,0.63,0.37,1.0
2025-12-10T22:16:12.934926,0.63,0.37,1.0
2025-12-10T22:16:13.562776,0.63,0.37,1.0
2025-12-10T22:16:14.187995,0.63,0.37,1.0
2025-12-10T22:16:14.800019,0.63,0.37,1.0
2025-12-10T22:16:15.451948,0.645,0.355,1.0
2025-12-10T22:16:16.075526,0.645,0.36,1.005
2025-12-10T22:16:16.707853,0.645,0.36,1.005
2025-12-10T22:16:17.353499,0.645,0.355,1.0
2025-12-10T22:16:18.028978,0.645,0.365,1.01
2025-12-10T22:16:18.666323,0.635,0.365,1.0
2025-12-10T22:16:19.322875,0.635,0.365,1.0
2025-12-10T22:16:19.945091,0.645,0.345,0.99
2025-12-10T22:16:20.555892,0.66,0.34,1.0
2025-12-10T22:16:21.181220,0.665,0.325,0.99
2025-12-10T22:16:21.842226,0.675,0.325,1.0
2025-12-10T22:16:22.470890,0.685,0.33,1.0150000000000001
2025-12-10T22:16:23.088965,0.66,0.345,1.005
2025-12-10T22:16:23.746726,0.64,0.36,1.0
2025-12-10T22:16:24.361397,0.635,0.365,1.0
2025-12-10T22:16:25.012016,0.645,0.355,1.0
2025-12-10T22:16:25.637568,0.635,0.37,1.005
2025-12-10T22:16:26.269670,0.625,0.375,1.0
2025-12-10T22:16:26.897865,0.615,0.385,1.0
2025-12-10T22:16:27.539560,0.605,0.395,1.0
2025-12-10T22:16:28.163798,0.625,0.375,1.0
2025-12-10T22:16:28.785645,0.62,0.38,1.0
2025-12-10T22:16:29.457040,0.62,0.39,1.01
2025-12-10T22:16:30.107967,0.605,0.395,1.0
2025-12-10T22:16:30.744433,0.595,0.4,0.995
2025-12-10T22:16:31.382119,0.6,0.4,1.0
2025-12-10T22:16:32.019658,0.605,0.395,1.0
2025-12-10T22:16:32.718325,0.615,0.38,0.995
2025-12-10T22:16:33.360398,0.625,0.375,1.0
2025-12-10T22:16:33.991458,0.62,0.38,1.0
2025-12-10T22:16:34.658990,0.625,0.375,1.0
2025-12-10T22:16:35.297100,0.625,0.375,1.0
2025-12-10T22:16:35.948921,0.635,0.365,1.0
2025-12-10T22:16:36.627831,0.635,0.365,1.0
2025-12-10T22:16:37.291096,0.625,0.375,1.0
2025-12-10T22:16:37.925148,0.625,0.375,1.0
2025-12-10T22:16:38.547878,0.63,0.365,0.995
2025-12-10T22:16:39.154999,0.635,0.365,1.0
2025-12-10T22:16:39.826428,0.635,0.365,1.0
2025-12-10T22:16:40.448834,0.625,0.375,1.0
2025-12-10T22:16:41.096759,0.625,0.375,1.0
2025-12-10T22:16:41.757908,0.625,0.375,1.0
2025-12-10T22:16:42.380123,0.625,0.375,1.0
2025-12-10T22:16:43.015103,0.62,0.39,1.01
2025-12-10T22:16:43.681043,0.605,0.395,1.0
2025-12-10T22:16:44.317542,0.595,0.405,1.0
2025-12-10T22:16:43.257357,0.595,0.405,1.0
2025-12-10T22:16:43.890165,0.595,0.405,1.0
2025-12-10T22:16:44.518754,0.595,0.405,1.0
2025-12-10T22:16:45.136371,0.595,0.405,1.0
2025-12-10T22:16:45.783619,0.595,0.405,1.0
2025-12-10T22:16:46.421646,0.605,0.395,1.0
2025-12-10T22:16:47.045253,0.605,0.395,1.0
2025-12-10T22:16:47.762965,0.605,0.395,1.0
2025-12-10T22:16:48.402703,0.605,0.395,1.0
2025-12-10T22:16:49.078912,0.595,0.405,1.0
2025-12-10T22:16:49.745993,0.595,0.405,1.0
2025-12-10T22:16:50.461993,0.6,0.4,1.0
2025-12-10T22:16:51.083176,0.605,0.395,1.0
2025-12-10T22:16:51.714161,0.605,0.395,1.0
2025-12-10T22:16:52.352241,0.61,0.39,1.0
2025-12-10T22:16:52.975290,0.62,0.38,1.0
2025-12-10T22:16:53.600803,0.635,0.365,1.0
2025-12-10T22:16:54.264901,0.635,0.365,1.0
2025-12-10T22:16:54.893814,0.64,0.36,1.0
2025-12-10T22:16:55.520021,0.635,0.365,1.0
2025-12-10T22:16:56.149906,0.635,0.365,1.0
2025-12-10T22:16:56.789314,0.625,0.375,1.0
2025-12-10T22:16:57.424641,0.63,0.37,1.0
2025-12-10T22:16:58.081218,0.625,0.375,1.0
2025-12-10T22:16:58.709572,0.605,0.395,1.0
2025-12-10T22:16:59.328486,0.61,0.39,1.0
2025-12-10T22:16:59.959978,0.615,0.385,1.0
2025-12-10T22:17:00.599984,0.615,0.385,1.0
2025-12-10T22:17:01.249541,0.61,0.39,1.0
2025-12-10T22:17:01.885526,0.605,0.395,1.0
2025-12-10T22:17:02.514003,0.605,0.395,1.0
2025-12-10T22:17:03.146547,0.61,0.39,1.0
2025-12-10T22:17:03.768539,0.605,0.395,1.0
2025-12-10T22:17:04.429020,0.595,0.405,1.0
2025-12-10T22:17:05.071265,0.605,0.4,1.005
2025-12-10T22:17:05.739216,0.595,0.405,1.0
2025-12-10T22:17:06.400442,0.61,0.39,1.0
2025-12-10T22:17:07.022491,0.61,0.39,1.0
2025-12-10T22:17:07.650206,0.605,0.395,1.0
2025-12-10T22:17:08.264079,0.595,0.405,1.0
2025-12-10T22:17:08.883500,0.595,0.395,0.99
2025-12-10T22:17:09.518935,0.605,0.395,1.0
2025-12-10T22:17:10.144493,0.605,0.395,1.0
2025-12-10T22:17:10.806691,0.61,0.395,1.005
2025-12-10T22:17:11.439422,0.625,0.375,1.0
2025-12-10T22:17:12.083290,0.605,0.395,1.0
2025-12-10T22:17:12.718111,0.595,0.405,1.0
2025-12-10T22:17:13.343146,0.6,0.4,1.0
2025-12-10T22:17:13.977420,0.605,0.395,1.0
2025-12-10T22:17:14.616650,0.615,0.385,1.0
2025-12-10T22:17:15.261800,0.615,0.385,1.0
2025-12-10T22:17:14.211770,0.625,0.375,1.0
2025-12-10T22:17:14.880189,0.615,0.385,1.0
2025-12-10T22:17:15.699743,0.615,0.385,1.0
2025-12-10T22:17:16.329392,0.615,0.385,1.0
2025-12-10T22:17:16.943452,0.625,0.375,1.0
2025-12-10T22:17:17.590519,0.625,0.375,1.0
2025-12-10T22:17:18.203730,0.625,0.375,1.0
2025-12-10T22:17:18.819723,0.625,0.375,1.0
2025-12-10T22:17:19.457511,0.61,0.39,1.0
2025-12-10T22:17:20.088124,0.605,0.395,1.0
2025-12-10T22:17:20.726871,0.605,0.395,1.0
2025-12-10T22:17:21.369058,0.605,0.395,1.0
2025-12-10T22:17:21.986615,0.595,0.405,1.0
2025-12-10T22:17:22.615704,0.585,0.415,1.0
2025-12-10T22:17:23.243735,0.585,0.415,1.0
2025-12-10T22:17:23.872468,0.585,0.415,1.0
2025-12-10T22:17:24.486447,0.585,0.415,1.0
2025-12-10T22:17:25.123365,0.585,0.415,1.0
2025-12-10T22:17:25.761139,0.585,0.415,1.0
2025-12-10T22:17:26.395581,0.585,0.425,1.01
2025-12-10T22:17:27.050203,0.565,0.435,1.0
2025-12-10T22:17:27.658040,0.565,0.435,1.0
2025-12-10T22:17:28.286358,0.575,0.425,1.0
2025-12-10T22:17:28.906798,0.575,0.425,1.0
2025-12-10T22:17:29.530312,0.58,0.42,1.0
2025-12-10T22:17:30.155031,0.575,0.425,1.0
2025-12-10T22:17:30.804505,0.565,0.435,1.0
2025-12-10T22:17:31.415348,0.555,0.445,1.0
2025-12-10T22:17:32.035247,0.57,0.425,0.9949999999999999
2025-12-10T22:17:32.691850,0.575,0.425,1.0
2025-12-10T22:17:33.328732,0.575,0.425,1.0
2025-12-10T22:17:33.952053,0.575,0.425,1.0
2025-12-10T22:17:34.583885,0.575,0.425,1.0
2025-12-10T22:17:35.219765,0.575,0.425,1.0
2025-12-10T22:17:35.850564,0.575,0.425,1.0
2025-12-10T22:17:36.475572,0.57,0.43,1.0
2025-12-10T22:17:37.077317,0.57,0.43,1.0
2025-12-10T22:17:37.697288,0.575,0.425,1.0
2025-12-10T22:17:38.318793,0.575,0.425,1.0
2025-12-10T22:17:38.956372,0.575,0.425,1.0
2025-12-10T22:17:39.570129,0.575,0.425,1.0
2025-12-10T22:17:40.205569,0.575,0.425,1.0
2025-12-10T22:17:40.841059,0.58,0.425,1.005
2025-12-10T22:17:41.454419,0.575,0.425,1.0
2025-12-10T22:17:42.074628,0.575,0.425,1.0
2025-12-10T22:17:42.721451,0.555,0.445,1.0
2025-12-10T22:17:43.363642,0.56,0.44,1.0
2025-12-10T22:17:43.991009,0.565,0.435,1.0
2025-12-10T22:17:44.616580,0.565,0.435,1.0
2025-12-10T22:17:45.295386,0.565,0.435,1.0
2025-12-10T22:17:45.915814,0.56,0.44,1.0
2025-12-10T22:17:44.866985,0.565,0.435,1.0
2025-12-10T22:17:45.511791,0.565,0.435,1.0
2025-12-10T22:17:46.121267,0.56,0.44,1.0
2025-12-10T22:17:46.760337,0.555,0.445,1.0
2025-12-10T22:17:47.423175,0.565,0.435,1.0
2025-12-10T22:17:48.034751,0.565,0.435,1.0
2025-12-10T22:17:48.710742,0.565,0.435,1.0
2025-12-10T22:17:49.344216,0.545,0.455,1.0
2025-12-10T22:17:49.969739,0.54,0.455,0.9950000000000001
2025-12-10T22:17:50.619630,0.55,0.45,1.0
2025-12-10T22:17:51.248779,0.555,0.44,0.9950000000000001
2025-12-10T22:17:51.879686,0.565,0.435,1.0
2025-12-10T22:17:52.548289,0.575,0.425,1.0
2025-12-10T22:17:53.166489,0.575,0.425,1.0
2025-12-10T22:17:53.809559,0.585,0.42,1.005
2025-12-10T22:17:54.494807,0.585,0.415,1.0
2025-12-10T22:17:55.140940,0.585,0.415,1.0
2025-12-10T22:17:55.761714,0.59,0.41,1.0
2025-12-10T22:17:56.442117,0.595,0.405,1.0
2025-12-10T22:17:57.096617,0.6,0.4,1.0
2025-12-10T22:17:57.756343,0.6,0.4,1.0
2025-12-10T22:17:58.385776,0.6,0.4,1.0
2025-12-10T22:17:59.027020,0.6,0.4,1.0
2025-12-10T22:17:59.668204,0.595,0.405,1.0
2025-12-10T22:18:00.294216,0.585,0.415,1.0
2025-12-10T22:18:00.931949,0.59,0.41,1.0
2025-12-10T22:18:01.561547,0.585,0.415,1.0
2025-12-10T22:18:02.187159,0.565,0.435,1.0
2025-12-10T22:18:02.832895,0.575,0.425,1.0
2025-12-10T22:18:03.442709,0.575,0.425,1.0
2025-12-10T22:18:04.054565,0.575,0.425,1.0
2025-12-10T22:18:04.694643,0.575,0.415,0.99
2025-12-10T22:18:05.343950,0.585,0.415,1.0
2025-12-10T22:18:05.963248,0.595,0.405,1.0
2025-12-10T22:18:06.591019,0.595,0.4,0.995
2025-12-10T22:18:07.253539,0.605,0.395,1.0
2025-12-10T22:18:07.887741,0.615,0.385,1.0
2025-12-10T22:18:08.515723,0.615,0.385,1.0
2025-12-10T22:18:09.142966,0.62,0.38,1.0
2025-12-10T22:18:09.785473,0.62,0.38,1.0
2025-12-10T22:18:10.442541,0.62,0.38,1.0
2025-12-10T22:18:11.085810,0.615,0.385,1.0
2025-12-10T22:18:11.736642,0.615,0.385,1.0
2025-12-10T22:18:12.356515,0.615,0.385,1.0
2025-12-10T22:18:13.037662,0.615,0.385,1.0
2025-12-10T22:18:13.690093,0.615,0.385,1.0
2025-12-10T22:18:14.339642,0.625,0.375,1.0
2025-12-10T22:18:14.976849,0.62,0.38,1.0
2025-12-10T22:18:15.603729,0.635,0.365,1.0
2025-12-10T22:18:16.260748,0.635,0.365,1.0
2025-12-10T22:18:15.214141,0.635,0.365,1.0
2025-12-10T22:18:15.830974,0.635,0.365,1.0
2025-12-10T22:18:16.449621,0.635,0.365,1.0
2025-12-10T22:18:17.058133,0.635,0.365,1.0
2025-12-10T22:18:17.718865,0.635,0.365,1.0
2025-12-10T22:18:18.371181,0.635,0.365,1.0
2025-12-10T22:18:18.986581,0.635,0.365,1.0
2025-12-10T22:18:19.618185,0.635,0.365,1.0
2025-12-10T22:18:20.242604,0.635,0.365,1.0
2025-12-10T22:18:20.861049,0.635,0.365,1.0
2025-12-10T22:18:21.492644,0.635,0.365,1.0
2025-12-10T22:18:22.124803,0.635,0.365,1.0
2025-12-10T22:18:22.786714,0.635,0.365,1.0
2025-12-10T22:18:23.406737,0.635,0.365,1.0
2025-12-10T22:18:24.033943,0.635,0.365,1.0
2025-12-10T22:18:24.649017,0.635,0.365,1.0
2025-12-10T22:18:25.286097,0.645,0.355,1.0
2025-12-10T22:18:25.931091,0.655,0.345,1.0
2025-12-10T22:18:26.607294,0.655,0.345,1.0
2025-12-10T22:18:27.248333,0.655,0.345,1.0
2025-12-10T22:18:27.876038,0.655,0.345,1.0
2025-12-10T22:18:28.507918,0.655,0.345,1.0
2025-12-10T22:18:29.132849,0.655,0.345,1.0
2025-12-10T22:18:29.769319,0.645,0.355,1.0
2025-12-10T22:18:30.388822,0.645,0.36,1.005
2025-12-10T22:18:31.028139,0.645,0.355,1.0
2025-12-10T22:18:31.665070,0.64,0.36,1.0
2025-12-10T22:18:32.296558,0.645,0.355,1.0
2025-12-10T22:18:32.932988,0.645,0.355,1.0
2025-12-10T22:18:33.564170,0.645,0.355,1.0
2025-12-10T22:18:34.199504,0.635,0.365,1.0
2025-12-10T22:18:34.845209,0.605,0.39,0.995
2025-12-10T22:18:35.547082,0.61,0.39,1.0
2025-12-10T22:18:36.204941,0.615,0.385,1.0
2025-12-10T22:18:36.826963,0.615,0.385,1.0
2025-12-10T22:18:37.462014,0.615,0.385,1.0
2025-12-10T22:18:38.117900,0.605,0.395,1.0
2025-12-10T22:18:38.742897,0.605,0.395,1.0
2025-12-10T22:18:39.364192,0.605,0.395,1.0
2025-12-10T22:18:40.013657,0.605,0.395,1.0
2025-12-10T22:18:40.634120,0.605,0.395,1.0
2025-12-10T22:18:41.261308,0.605,0.395,1.0
2025-12-10T22:18:41.891287,0.605,0.395,1.0
2025-12-10T22:18:42.507622,0.605,0.395,1.0
2025-12-10T22:18:43.153007,0.605,0.395,1.0
2025-12-10T22:18:43.786318,0.605,0.395,1.0
2025-12-10T22:18:44.411806,0.605,0.395,1.0
2025-12-10T22:18:45.046343,0.605,0.395,1.0
2025-12-10T22:18:45.696946,0.605,0.395,1.0
2025-12-10T22:18:46.330285,0.605,0.395,1.0
2025-12-10T22:18:47.127834,0.595,0.405,1.0
2025-12-10T22:18:46.086845,0.595,0.405,1.0
2025-12-10T22:18:46.793612,0.595,0.405,1.0
2025-12-10T22:18:47.464025,0.585,0.415,1.0
2025-12-10T22:18:48.155093,0.575,0.425,1.0
2025-12-10T22:18:48.812122,0.585,0.415,1.0
2025-12-10T22:18:49.507457,0.595,0.405,1.0
2025-12-10T22:18:50.165822,0.595,0.405,1.0
2025-12-10T22:18:50.847292,0.595,0.405,1.0
2025-12-10T22:18:51.518595,0.585,0.415,1.0
2025-12-10T22:18:52.186689,0.565,0.435,1.0
2025-12-10T22:18:52.841117,0.565,0.435,1.0
2025-12-10T22:18:53.483765,0.565,0.435,1.0
2025-12-10T22:18:54.191260,0.565,0.435,1.0
2025-12-10T22:18:54.834564,0.565,0.435,1.0
2025-12-10T22:18:55.526393,0.575,0.425,1.0
2025-12-10T22:18:56.217145,0.57,0.425,0.9949999999999999
2025-12-10T22:18:56.856959,0.585,0.415,1.0
2025-12-10T22:18:57.527475,0.585,0.415,1.0
2025-12-10T22:18:58.151502,0.585,0.415,1.0
2025-12-10T22:18:58.775915,0.585,0.415,1.0
2025-12-10T22:18:59.432804,0.595,0.405,1.0
2025-12-10T22:19:00.059091,0.595,0.405,1.0
2025-12-10T22:19:00.677899,0.595,0.405,1.0
2025-12-10T22:19:01.300111,0.595,0.405,1.0
2025-12-10T22:19:01.962495,0.595,0.405,1.0
2025-12-10T22:19:02.580297,0.605,0.395,1.0
2025-12-10T22:19:03.212346,0.605,0.395,1.0
2025-12-10T22:19:03.834367,0.605,0.395,1.0
2025-12-10T22:19:04.478580,0.605,0.395,1.0
2025-12-10T22:19:05.107737,0.605,0.395,1.0
2025-12-10T22:19:05.770111,0.61,0.39,1.0
2025-12-10T22:19:06.422502,0.61,0.39,1.0
2025-12-10T22:19:07.059288,0.61,0.39,1.0
2025-12-10T22:19:07.684282,0.615,0.385,1.0
2025-12-10T22:19:08.297081,0.625,0.375,1.0
2025-12-10T22:19:08.908223,0.635,0.365,1.0
2025-12-10T22:19:09.558353,0.635,0.365,1.0
2025-12-10T22:19:10.203318,0.635,0.365,1.0
2025-12-10T22:19:10.831550,0.645,0.355,1.0
2025-12-10T22:19:11.445744,0.645,0.355,1.0
2025-12-10T22:19:12.155092,0.655,0.345,1.0
2025-12-10T22:19:12.901037,0.665,0.335,1.0
2025-12-10T22:19:13.523919,0.665,0.335,1.0
2025-12-10T22:19:14.172899,0.665,0.335,1.0
2025-12-10T22:19:14.811960,0.665,0.335,1.0
2025-12-10T22:19:15.478223,0.665,0.335,1.0
2025-12-10T22:19:16.174250,0.665,0.335,1.0
2025-12-10T22:19:16.799784,0.675,0.325,1.0
2025-12-10T22:19:17.500095,0.665,0.335,1.0
2025-12-10T22:19:16.454188,0.665,0.33,0.9950000000000001
2025-12-10T22:19:17.070712,0.675,0.325,1.0
2025-12-10T22:19:17.699596,0.675,0.325,1.0
2025-12-10T22:19:18.334563,0.685,0.315,1.0
2025-12-10T22:19:18.960978,0.695,0.305,1.0
2025-12-10T22:19:19.588424,0.675,0.33,1.0050000000000001
2025-12-10T22:19:20.232906,0.665,0.335,1.0
2025-12-10T22:19:20.920400,0.665,0.335,1.0
2025-12-10T22:19:21.545538,0.68,0.32,1.0
2025-12-10T22:19:22.197004,0.685,0.315,1.0
2025-12-10T22:19:22.834534,0.675,0.325,1.0
2025-12-10T22:19:23.536461,0.675,0.325,1.0
2025-12-10T22:19:24.186524,0.675,0.325,1.0
2025-12-10T22:19:24.816348,0.675,0.325,1.0
2025-12-10T22:19:25.426288,0.685,0.315,1.0
2025-12-10T22:19:26.043837,0.695,0.305,1.0
2025-12-10T22:19:26.700044,0.695,0.305,1.0
2025-12-10T22:19:27.368781,0.705,0.295,1.0
2025-12-10T22:19:28.022417,0.705,0.295,1.0
2025-12-10T22:19:28.713768,0.715,0.285,1.0
2025-12-10T22:19:29.354402,0.715,0.285,1.0
2025-12-10T22:19:29.967307,0.695,0.305,1.0
2025-12-10T22:19:30.591828,0.69,0.31,1.0
2025-12-10T22:19:31.273435,0.685,0.315,1.0
2025-12-10T22:19:31.896567,0.68,0.32,1.0
2025-12-10T22:19:32.537961,0.68,0.32,1.0
2025-12-10T22:19:33.168800,0.675,0.325,1.0
2025-12-10T22:19:33.790195,0.675,0.325,1.0
2025-12-10T22:19:34.417072,0.695,0.305,1.0
2025-12-10T22:19:35.052027,0.695,0.305,1.0
2025-12-10T22:19:35.672211,0.695,0.305,1.0
2025-12-10T22:19:36.299205,0.695,0.305,1.0
2025-12-10T22:19:36.939335,0.695,0.305,1.0
2025-12-10T22:19:37.580825,0.69,0.31,1.0
2025-12-10T22:19:38.192902,0.695,0.305,1.0
2025-12-10T22:19:38.851735,0.69,0.31,1.0
2025-12-10T22:19:39.479793,0.685,0.315,1.0
2025-12-10T22:19:40.105289,0.685,0.315,1.0
2025-12-10T22:19:40.774476,0.68,0.32,1.0
2025-12-10T22:19:41.409236,0.675,0.325,1.0
2025-12-10T22:19:42.060167,0.67,0.335,1.0050000000000001
2025-12-10T22:19:42.726649,0.665,0.335,1.0
2025-12-10T22:19:43.355351,0.66,0.34,1.0
2025-12-10T22:19:43.985698,0.665,0.33,0.9950000000000001
2025-12-10T22:19:44.664319,0.675,0.325,1.0
2025-12-10T22:19:45.383705,0.675,0.325,1.0
2025-12-10T22:19:46.056215,0.675,0.325,1.0
2025-12-10T22:19:46.726411,0.675,0.325,1.0
2025-12-10T22:19:47.379535,0.675,0.325,1.0
2025-12-10T22:19:48.099971,0.675,0.325,1.0
2025-12-10T22:19:47.065981,0.675,0.325,1.0
2025-12-10T22:19:47.701728,0.685,0.315,1.0
2025-12-10T22:19:48.389071,0.695,0.305,1.0
2025-12-10T22:19:49.018760,0.695,0.305,1.0
2025-12-10T22:19:49.653443,0.705,0.315,1.02
2025-12-10T22:19:50.293384,0.67,0.335,1.0050000000000001
2025-12-10T22:19:50.900283,0.67,0.33,1.0
2025-12-10T22:19:51.523773,0.67,0.33,1.0
2025-12-10T22:19:52.134279,0.67,0.33,1.0
2025-12-10T22:19:52.754910,0.665,0.335,1.0
2025-12-10T22:19:53.373455,0.645,0.355,1.0
2025-12-10T22:19:53.998308,0.635,0.365,1.0
2025-12-10T22:19:54.637627,0.645,0.355,1.0
2025-12-10T22:19:55.271279,0.645,0.355,1.0
2025-12-10T22:19:55.956430,0.645,0.355,1.0
2025-12-10T22:19:56.603358,0.64,0.36,1.0
2025-12-10T22:19:57.264584,0.645,0.355,1.0
2025-12-10T22:19:57.898137,0.645,0.355,1.0
2025-12-10T22:19:58.574848,0.65,0.35,1.0
2025-12-10T22:19:59.212897,0.645,0.35,0.995
2025-12-10T22:19:59.849378,0.65,0.35,1.0
2025-12-10T22:20:00.528213,0.645,0.365,1.01
2025-12-10T22:20:01.191034,0.635,0.365,1.0
2025-12-10T22:20:01.854832,0.625,0.375,1.0
2025-12-10T22:20:02.485315,0.625,0.375,1.0
2025-12-10T22:20:03.140034,0.615,0.385,1.0
2025-12-10T22:20:03.771510,0.615,0.375,0.99
2025-12-10T22:20:04.418003,0.635,0.365,1.0
2025-12-10T22:20:05.058040,0.64,0.355,0.995
2025-12-10T22:20:05.695719,0.655,0.345,1.0
2025-12-10T22:20:06.343498,0.665,0.335,1.0
2025-12-10T22:20:06.990794,0.665,0.335,1.0
2025-12-10T22:20:07.602691,0.675,0.32,0.9950000000000001
2025-12-10T22:20:08.231658,0.68,0.32,1.0
2025-12-10T22:20:08.857692,0.685,0.315,1.0
2025-12-10T22:20:09.527184,0.695,0.305,1.0
2025-12-10T22:20:10.161363,0.69,0.315,1.005
2025-12-10T22:20:10.797769,0.685,0.315,1.0
2025-12-10T22:20:11.493591,0.685,0.315,1.0
2025-12-10T22:20:12.118088,0.695,0.305,1.0
2025-12-10T22:20:12.760214,0.685,0.315,1.0
2025-12-10T22:20:13.385450,0.685,0.315,1.0
2025-12-10T22:20:14.018560,0.685,0.315,1.0
2025-12-10T22:20:14.645173,0.685,0.315,1.0
2025-12-10T22:20:15.264129,0.685,0.315,1.0
2025-12-10T22:20:15.912141,0.685,0.315,1.0
2025-12-10T22:20:16.546363,0.685,0.31,0.9950000000000001
2025-12-10T22:20:17.163153,0.695,0.305,1.0
2025-12-10T22:20:17.826697,0.705,0.295,1.0
2025-12-10T22:20:18.453020,0.705,0.295,1.0
2025-12-10T22:20:17.481052,0.715,0.285,1.0
2025-12-10T22:20:18.115104,0.725,0.275,1.0
2025-12-10T22:20:18.759548,0.725,0.265,0.99
2025-12-10T22:20:19.386736,0.735,0.265,1.0
2025-12-10T22:20:20.002399,0.745,0.255,1.0
2025-12-10T22:20:20.669280,0.75,0.25,1.0
2025-12-10T22:20:21.291598,0.765,0.235,1.0
2025-12-10T22:20:21.958867,0.765,0.225,0.99
2025-12-10T22:20:22.583652,0.765,0.24,1.005
2025-12-10T22:20:23.226574,0.745,0.255,1.0
2025-12-10T22:20:23.863135,0.75,0.25,1.0
2025-12-10T22:20:24.482366,0.745,0.255,1.0
2025-12-10T22:20:25.098241,0.745,0.255,1.0
2025-12-10T22:20:25.739149,0.75,0.25,1.0
2025-12-10T22:20:26.360326,0.765,0.235,1.0
2025-12-10T22:20:26.990197,0.765,0.23,0.995
2025-12-10T22:20:27.625122,0.775,0.225,1.0
2025-12-10T22:20:28.287388,0.775,0.225,1.0
2025-12-10T22:20:28.923266,0.775,0.225,1.0
2025-12-10T22:20:29.569035,0.775,0.225,1.0
2025-12-10T22:20:30.201927,0.78,0.22,1.0
2025-12-10T22:20:30.831611,0.785,0.215,1.0
2025-12-10T22:20:31.470001,0.785,0.22,1.0050000000000001
2025-12-10T22:20:32.095330,0.785,0.215,1.0
2025-12-10T22:20:32.717404,0.785,0.215,1.0
2025-12-10T22:20:33.331034,0.785,0.215,1.0
2025-12-10T22:20:33.977253,0.78,0.22,1.0
2025-12-10T22:20:34.599097,0.775,0.225,1.0
2025-12-10T22:20:35.223074,0.775,0.225,1.0
2025-12-10T22:20:35.838899,0.785,0.215,1.0
2025-12-10T22:20:36.477546,0.775,0.225,1.0
2025-12-10T22:20:37.104181,0.78,0.22,1.0
2025-12-10T22:20:37.732990,0.78,0.22,1.0
2025-12-10T22:20:38.363002,0.78,0.22,1.0
2025-12-10T22:20:38.979117,0.785,0.215,1.0
2025-12-10T22:20:39.592958,0.785,0.215,1.0
2025-12-10T22:20:40.210999,0.785,0.215,1.0
2025-12-10T22:20:40.825469,0.795,0.205,1.0
2025-12-10T22:20:41.457346,0.795,0.205,1.0
2025-12-10T22:20:42.096089,0.795,0.205,1.0
2025-12-10T22:20:42.718888,0.795,0.205,1.0
2025-12-10T22:20:43.354614,0.795,0.205,1.0
2025-12-10T22:20:43.974075,0.805,0.195,1.0
2025-12-10T22:20:44.610018,0.815,0.185,1.0
2025-12-10T22:20:45.301122,0.815,0.185,1.0
2025-12-10T22:20:45.934510,0.81,0.19,1.0
2025-12-10T22:20:46.603158,0.805,0.195,1.0
2025-12-10T22:20:47.229126,0.785,0.215,1.0
2025-12-10T22:20:47.848467,0.79,0.21,1.0
2025-12-10T22:20:48.510474,0.79,0.21,1.0
2025-12-10T22:20:49.195411,0.805,0.195,1.0
2025-12-10T22:20:48.199829,0.805,0.195,1.0
2025-12-10T22:20:48.870177,0.805,0.195,1.0
2025-12-10T22:20:49.503914,0.805,0.195,1.0
2025-12-10T22:20:50.125149,0.805,0.195,1.0
2025-12-10T22:20:50.777971,0.815,0.185,1.0
2025-12-10T22:20:51.398570,0.81,0.19,1.0
2025-12-10T22:20:52.017809,0.81,0.19,1.0
2025-12-10T22:20:52.634871,0.81,0.19,1.0
2025-12-10T22:20:53.273213,0.805,0.195,1.0
2025-12-10T22:20:53.921539,0.805,0.195,1.0
2025-12-10T22:20:54.548331,0.805,0.195,1.0
2025-12-10T22:20:55.233459,0.805,0.195,1.0
2025-12-10T22:20:55.877540,0.805,0.195,1.0
2025-12-10T22:20:56.502096,0.805,0.195,1.0
2025-12-10T22:20:57.123709,0.805,0.195,1.0
2025-12-10T22:20:57.746651,0.805,0.195,1.0
2025-12-10T22:20:58.376052,0.795,0.205,1.0
2025-12-10T22:20:59.026753,0.795,0.205,1.0
2025-12-10T22:20:59.671650,0.795,0.205,1.0
2025-12-10T22:21:00.292806,0.795,0.205,1.0
2025-12-10T22:21:00.914820,0.805,0.195,1.0
2025-12-10T22:21:01.555955,0.805,0.195,1.0
2025-12-10T22:21:02.175658,0.795,0.205,1.0
2025-12-10T22:21:02.817728,0.785,0.215,1.0
2025-12-10T22:21:03.477831,0.785,0.215,1.0
2025-12-10T22:21:04.117643,0.795,0.205,1.0
2025-12-10T22:21:04.753508,0.805,0.195,1.0
2025-12-10T22:21:05.368933,0.815,0.185,1.0
2025-12-10T22:21:06.007468,0.815,0.185,1.0
2025-12-10T22:21:06.644981,0.825,0.175,1.0
2025-12-10T22:21:07.266130,0.825,0.175,1.0
2025-12-10T22:21:07.898074,0.825,0.175,1.0
2025-12-10T22:21:08.530693,0.82,0.18,1.0
2025-12-10T22:21:09.154705,0.82,0.18,1.0
2025-12-10T22:21:09.776761,0.82,0.18,1.0
2025-12-10T22:21:10.401265,0.82,0.18,1.0
2025-12-10T22:21:11.044573,0.81,0.195,1.0050000000000001
2025-12-10T22:21:11.660479,0.805,0.195,1.0
2025-12-10T22:21:12.299329,0.805,0.195,1.0
2025-12-10T22:21:12.980355,0.8,0.2,1.0
2025-12-10T22:21:13.623496,0.805,0.195,1.0
2025-12-10T22:21:14.279650,0.805,0.195,1.0
2025-12-10T22:21:14.907238,0.82,0.185,1.005
2025-12-10T22:21:15.518090,0.815,0.185,1.0
2025-12-10T22:21:16.156232,0.815,0.185,1.0
2025-12-10T22:21:16.774693,0.815,0.185,1.0
2025-12-10T22:21:17.402525,0.82,0.18,1.0
2025-12-10T22:21:18.029346,0.82,0.18,1.0
2025-12-10T22:21:18.659422,0.815,0.185,1.0
2025-12-10T22:21:19.310595,0.815,0.175,0.99
2025-12-10T22:21:19.937154,0.815,0.185,1.0
2025-12-10T22:21:18.882334,0.81,0.195,1.0050000000000001
2025-12-10T22:21:19.494235,0.805,0.205,1.01
2025-12-10T22:21:20.110653,0.785,0.215,1.0
2025-12-10T22:21:20.741762,0.78,0.215,0.995
2025-12-10T22:21:21.367875,0.795,0.205,1.0
2025-12-10T22:21:21.995387,0.795,0.205,1.0
2025-12-10T22:21:22.624310,0.795,0.205,1.0
2025-12-10T22:21:23.243744,0.795,0.205,1.0
2025-12-10T22:21:23.884741,0.795,0.205,1.0
2025-12-10T22:21:24.523964,0.815,0.185,1.0
2025-12-10T22:21:25.145874,0.805,0.19,0.9950000000000001
2025-12-10T22:21:25.770971,0.81,0.19,1.0
2025-12-10T22:21:26.387903,0.81,0.19,1.0
2025-12-10T22:21:27.010576,0.815,0.185,1.0
2025-12-10T22:21:27.650838,0.815,0.185,1.0
2025-12-10T22:21:28.275052,0.815,0.185,1.0
2025-12-10T22:21:28.911899,0.815,0.185,1.0
2025-12-10T22:21:29.529015,0.81,0.19,1.0
2025-12-10T22:21:30.152069,0.81,0.195,1.0050000000000001
2025-12-10T22:21:30.794223,0.805,0.195,1.0
2025-12-10T22:21:31.538883,0.81,0.19,1.0
2025-12-10T22:21:32.254719,0.81,0.19,1.0
2025-12-10T22:21:32.932149,0.815,0.185,1.0
2025-12-10T22:21:33.566787,0.815,0.18,0.9949999999999999
2025-12-10T22:21:34.237770,0.82,0.18,1.0
2025-12-10T22:21:34.872450,0.825,0.175,1.0
2025-12-10T22:21:35.487465,0.825,0.175,1.0
2025-12-10T22:21:36.132930,0.825,0.175,1.0
2025-12-10T22:21:36.757369,0.81,0.19,1.0
2025-12-10T22:21:37.371976,0.805,0.195,1.0
2025-12-10T22:21:37.996806,0.805,0.195,1.0
2025-12-10T22:21:38.628510,0.8,0.2,1.0
2025-12-10T22:21:39.331869,0.8,0.2,1.0
2025-12-10T22:21:39.962325,0.8,0.2,1.0
2025-12-10T22:21:40.579286,0.805,0.195,1.0
2025-12-10T22:21:41.207586,0.805,0.195,1.0
2025-12-10T22:21:41.841344,0.805,0.195,1.0
2025-12-10T22:21:42.454659,0.795,0.205,1.0
2025-12-10T22:21:43.083545,0.795,0.205,1.0
2025-12-10T22:21:43.720328,0.795,0.205,1.0
2025-12-10T22:21:44.383527,0.785,0.215,1.0
2025-12-10T22:21:45.011697,0.785,0.215,1.0
2025-12-10T22:21:45.662453,0.785,0.215,1.0
2025-12-10T22:21:46.329124,0.785,0.215,1.0
2025-12-10T22:21:46.995767,0.785,0.215,1.0
2025-12-10T22:21:47.703191,0.795,0.205,1.0
2025-12-10T22:21:48.344762,0.795,0.205,1.0
2025-12-10T22:21:49.004920,0.795,0.205,1.0
2025-12-10T22:21:49.739152,0.795,0.205,1.0
2025-12-10T22:21:50.377298,0.795,0.205,1.0
2025-12-10T22:21:49.342143,0.795,0.205,1.0
2025-12-10T22:21:50.019233,0.775,0.225,1.0
2025-12-10T22:21:50.691052,0.775,0.225,1.0
2025-12-10T22:21:51.328773,0.765,0.235,1.0
2025-12-10T22:21:52.011544,0.765,0.235,1.0
2025-12-10T22:21:52.692340,0.765,0.235,1.0
2025-12-10T22:21:53.328352,0.775,0.225,1.0
2025-12-10T22:21:53.974566,0.775,0.225,1.0
2025-12-10T22:21:54.625700,0.785,0.215,1.0
2025-12-10T22:21:55.299140,0.785,0.215,1.0
2025-12-10T22:21:55.928552,0.785,0.215,1.0
2025-12-10T22:21:56.556505,0.785,0.215,1.0
2025-12-10T22:21:57.204249,0.785,0.215,1.0
2025-12-10T22:21:57.829220,0.785,0.215,1.0
2025-12-10T22:21:58.442976,0.785,0.215,1.0
2025-12-10T22:21:59.062003,0.795,0.205,1.0
2025-12-10T22:21:59.680597,0.79,0.21,1.0
2025-12-10T22:22:00.359088,0.785,0.21,0.995
2025-12-10T22:22:00.991049,0.795,0.205,1.0
2025-12-10T22:22:01.604252,0.795,0.205,1.0
2025-12-10T22:22:02.224608,0.795,0.205,1.0
2025-12-10T22:22:02.892868,0.79,0.21,1.0
2025-12-10T22:22:03.521970,0.805,0.195,1.0
2025-12-10T22:22:04.194228,0.805,0.195,1.0
2025-12-10T22:22:04.857697,0.825,0.175,1.0
2025-12-10T22:22:05.540985,0.825,0.18,1.005
2025-12-10T22:22:06.183628,0.82,0.18,1.0
2025-12-10T22:22:06.805772,0.82,0.18,1.0
2025-12-10T22:22:07.534122,0.82,0.18,1.0
2025-12-10T22:22:08.179703,0.82,0.18,1.0
2025-12-10T22:22:08.821535,0.82,0.18,1.0
2025-12-10T22:22:09.454645,0.82,0.18,1.0
2025-12-10T22:22:10.126280,0.825,0.175,1.0
2025-12-10T22:22:10.768730,0.825,0.175,1.0
2025-12-10T22:22:11.429390,0.825,0.18,1.005
2025-12-10T22:22:12.048367,0.82,0.18,1.0
2025-12-10T22:22:12.682168,0.82,0.18,1.0
2025-12-10T22:22:13.299339,0.835,0.165,1.0
2025-12-10T22:22:13.934443,0.835,0.165,1.0
2025-12-10T22:22:14.558738,0.83,0.17,1.0
2025-12-10T22:22:15.212143,0.825,0.175,1.0
2025-12-10T22:22:15.843489,0.825,0.175,1.0
2025-12-10T22:22:16.468473,0.825,0.175,1.0
2025-12-10T22:22:17.102101,0.825,0.175,1.0
2025-12-10T22:22:17.732322,0.825,0.175,1.0
2025-12-10T22:22:18.374532,0.825,0.175,1.0
2025-12-10T22:22:19.002344,0.82,0.18,1.0
2025-12-10T22:22:19.820433,0.82,0.18,1.0
2025-12-10T22:22:20.508262,0.83,0.17,1.0
2025-12-10T22:22:21.149161,0.82,0.185,1.005
2025-12-10T22:22:20.149956,0.805,0.195,1.0
2025-12-10T22:22:20.855979,0.785,0.215,1.0
2025-12-10T22:22:21.515509,0.78,0.22,1.0
2025-12-10T22:22:22.162532,0.765,0.235,1.0
2025-12-10T22:22:22.824452,0.77,0.23,1.0
2025-12-10T22:22:23.465843,0.775,0.225,1.0
2025-12-10T22:22:24.139370,0.775,0.225,1.0
2025-12-10T22:22:24.786550,0.765,0.235,1.0
2025-12-10T22:22:25.454196,0.765,0.235,1.0
2025-12-10T22:22:26.114917,0.765,0.235,1.0
2025-12-10T22:22:26.760922,0.755,0.245,1.0
2025-12-10T22:22:27.467994,0.745,0.255,1.0
2025-12-10T22:22:28.112714,0.745,0.255,1.0
2025-12-10T22:22:28.764729,0.745,0.255,1.0
2025-12-10T22:22:29.403963,0.755,0.245,1.0
2025-12-10T22:22:30.102142,0.755,0.245,1.0
2025-12-10T22:22:30.754077,0.765,0.235,1.0
2025-12-10T22:22:31.402827,0.765,0.235,1.0
2025-12-10T22:22:32.048392,0.765,0.235,1.0
2025-12-10T22:22:32.697938,0.77,0.23,1.0
2025-12-10T22:22:33.328167,0.775,0.225,1.0
2025-12-10T22:22:33.994491,0.78,0.225,1.0050000000000001
2025-12-10T22:22:34.616299,0.775,0.225,1.0
2025-12-10T22:22:35.270475,0.765,0.235,1.0
2025-12-10T22:22:35.922681,0.775,0.225,1.0
2025-12-10T22:22:36.591556,0.775,0.225,1.0
2025-12-10T22:22:37.226754,0.775,0.225,1.0
2025-12-10T22:22:37.860796,0.775,0.225,1.0
2025-12-10T22:22:38.470791,0.775,0.225,1.0
2025-12-10T22:22:39.114285,0.775,0.225,1.0
2025-12-10T22:22:39.746077,0.775,0.225,1.0
2025-12-10T22:22:40.371190,0.775,0.225,1.0
2025-12-10T22:22:40.991609,0.76,0.24,1.0
2025-12-10T22:22:41.666422,0.76,0.235,0.995
2025-12-10T22:22:42.281377,0.77,0.23,1.0
2025-12-10T22:22:42.910255,0.77,0.23,1.0
2025-12-10T22:22:43.565275,0.77,0.23,1.0
2025-12-10T22:22:44.221651,0.775,0.225,1.0
2025-12-10T22:22:44.882991,0.775,0.225,1.0
2025-12-10T22:22:45.510913,0.775,0.23,1.0050000000000001
2025-12-10T22:22:46.124398,0.765,0.235,1.0
2025-12-10T22:22:46.755456,0.765,0.235,1.0
2025-12-10T22:22:47.390401,0.765,0.235,1.0
2025-12-10T22:22:48.018060,0.76,0.24,1.0
2025-12-10T22:22:48.641277,0.765,0.235,1.0
2025-12-10T22:22:49.278298,0.765,0.235,1.0
2025-12-10T22:22:49.927693,0.78,0.22,1.0
2025-12-10T22:22:50.565446,0.785,0.215,1.0
2025-12-10T22:22:51.192033,0.785,0.215,1.0
2025-12-10T22:22:50.150555,0.785,0.215,1.0
2025-12-10T22:22:50.773223,0.785,0.215,1.0
2025-12-10T22:22:51.406077,0.785,0.215,1.0
2025-12-10T22:22:52.049088,0.785,0.215,1.0
2025-12-10T22:22:52.698993,0.79,0.21,1.0
2025-12-10T22:22:53.394839,0.79,0.21,1.0
2025-12-10T22:22:54.034178,0.79,0.21,1.0
2025-12-10T22:22:54.668340,0.785,0.215,1.0
2025-12-10T22:22:55.296162,0.79,0.21,1.0
2025-12-10T22:22:55.933193,0.795,0.205,1.0
2025-12-10T22:22:56.577035,0.795,0.205,1.0
2025-12-10T22:22:57.236392,0.795,0.205,1.0
2025-12-10T22:22:57.877151,0.81,0.19,1.0
2025-12-10T22:22:58.500814,0.81,0.19,1.0
2025-12-10T22:22:59.126786,0.82,0.18,1.0
2025-12-10T22:22:59.754145,0.825,0.175,1.0
2025-12-10T22:23:00.395389,0.825,0.175,1.0
2025-12-10T22:23:01.054808,0.825,0.18,1.005
2025-12-10T22:23:01.698782,0.815,0.185,1.0
2025-12-10T22:23:02.333662,0.815,0.185,1.0
2025-12-10T22:23:02.956420,0.815,0.185,1.0
2025-12-10T22:23:03.582053,0.78,0.22,1.0
2025-12-10T22:23:04.217380,0.78,0.22,1.0
2025-12-10T22:23:04.879113,0.775,0.225,1.0
2025-12-10T22:23:05.532614,0.775,0.225,1.0
2025-12-10T22:23:06.233132,0.785,0.215,1.0
2025-12-10T22:23:06.882939,0.785,0.215,1.0
2025-12-10T22:23:07.529986,0.79,0.21,1.0
2025-12-10T22:23:08.169797,0.795,0.205,1.0
2025-12-10T22:23:08.838775,0.8,0.195,0.9950000000000001
2025-12-10T22:23:09.459415,0.805,0.195,1.0
2025-12-10T22:23:10.081544,0.82,0.18,1.0
2025-12-10T22:23:10.719120,0.815,0.185,1.0
2025-12-10T22:23:11.353511,0.805,0.195,1.0
2025-12-10T22:23:11.998069,0.79,0.21,1.0
2025-12-10T22:23:12.644384,0.79,0.21,1.0
2025-12-10T22:23:13.281120,0.795,0.21,1.0050000000000001
2025-12-10T22:23:13.929061,0.795,0.205,1.0
2025-12-10T22:23:14.603252,0.795,0.205,1.0
2025-12-10T22:23:15.223914,0.795,0.205,1.0
2025-12-10T22:23:15.847456,0.8,0.2,1.0
2025-12-10T22:23:16.488059,0.8,0.2,1.0
2025-12-10T22:23:17.135875,0.8,0.2,1.0
2025-12-10T22:23:17.741467,0.795,0.205,1.0
2025-12-10T22:23:18.398923,0.8,0.2,1.0
2025-12-10T22:23:19.054810,0.795,0.205,1.0
2025-12-10T22:23:19.694572,0.8,0.2,1.0
2025-12-10T22:23:20.335536,0.8,0.2,1.0
2025-12-10T22:23:20.974588,0.8,0.2,1.0
2025-12-10T22:23:21.607718,0.8,0.2,1.0
2025-12-10T22:23:22.290467,0.805,0.195,1.0
2025-12-10T22:23:21.259617,0.805,0.195,1.0
2025-12-10T22:23:21.935727,0.815,0.185,1.0
2025-12-10T22:23:22.594229,0.82,0.175,0.9949999999999999
2025-12-10T22:23:23.228935,0.825,0.175,1.0
2025-12-10T22:23:24.175416,0.825,0.175,1.0
2025-12-10T22:23:24.803304,0.825,0.175,1.0
2025-12-10T22:23:25.433637,0.825,0.175,1.0
2025-12-10T22:23:26.101055,0.815,0.185,1.0
2025-12-10T22:23:26.742496,0.81,0.19,1.0
2025-12-10T22:23:27.388554,0.805,0.19,0.9950000000000001
2025-12-10T22:23:28.010794,0.81,0.19,1.0
2025-12-10T22:23:28.625995,0.81,0.19,1.0
2025-12-10T22:23:29.277395,0.815,0.185,1.0
2025-12-10T22:23:29.904061,0.805,0.195,1.0
2025-12-10T22:23:30.540622,0.81,0.19,1.0
2025-12-10T22:23:31.171815,0.81,0.19,1.0
2025-12-10T22:23:31.828098,0.81,0.19,1.0
2025-12-10T22:23:32.479855,0.8,0.205,1.0050000000000001
2025-12-10T22:23:33.103516,0.795,0.2,0.9950000000000001
2025-12-10T22:23:33.768628,0.795,0.205,1.0
2025-12-10T22:23:34.390633,0.805,0.19,0.9950000000000001
2025-12-10T22:23:35.029586,0.815,0.185,1.0
2025-12-10T22:23:35.650078,0.815,0.185,1.0
2025-12-10T22:23:36.275542,0.815,0.185,1.0
2025-12-10T22:23:36.903159,0.805,0.195,1.0
2025-12-10T22:23:37.539061,0.8,0.205,1.0050000000000001
2025-12-10T22:23:38.232746,0.795,0.205,1.0
2025-12-10T22:23:38.870839,0.795,0.205,1.0
2025-12-10T22:23:39.511160,0.795,0.205,1.0
2025-12-10T22:23:40.172441,0.795,0.205,1.0
2025-12-10T22:23:40.800535,0.795,0.205,1.0
2025-12-10T22:23:41.455011,0.795,0.205,1.0
2025-12-10T22:23:42.093140,0.795,0.205,1.0
2025-12-10T22:23:42.817471,0.795,0.205,1.0
2025-12-10T22:23:43.498402,0.805,0.195,1.0
2025-12-10T22:23:44.161394,0.805,0.195,1.0
2025-12-10T22:23:44.791554,0.805,0.185,0.99
2025-12-10T22:23:45.467960,0.825,0.175,1.0
2025-12-10T22:23:46.114504,0.825,0.175,1.0
2025-12-10T22:23:46.745094,0.82,0.18,1.0
2025-12-10T22:23:47.381329,0.815,0.185,1.0
2025-12-10T22:23:48.003081,0.82,0.18,1.0
2025-12-10T22:23:48.636391,0.82,0.18,1.0
2025-12-10T22:23:49.258349,0.82,0.18,1.0
2025-12-10T22:23:49.895197,0.82,0.18,1.0
2025-12-10T22:23:50.518495,0.825,0.175,1.0
2025-12-10T22:23:51.150088,0.84,0.16,1.0
2025-12-10T22:23:51.776446,0.84,0.16,1.0
2025-12-10T22:23:52.399816,0.835,0.165,1.0
2025-12-10T22:23:51.352612,0.84,0.16,1.0
2025-12-10T22:23:52.003629,0.83,0.17,1.0
2025-12-10T22:23:52.630235,0.83,0.17,1.0
2025-12-10T22:23:53.254777,0.835,0.165,1.0
2025-12-10T22:23:53.890822,0.835,0.165,1.0
2025-12-10T22:23:54.564900,0.83,0.17,1.0
2025-12-10T22:23:55.195798,0.83,0.17,1.0
2025-12-10T22:23:55.804737,0.835,0.165,1.0
2025-12-10T22:23:56.441110,0.835,0.165,1.0
2025-12-10T22:23:57.070481,0.835,0.165,1.0
2025-12-10T22:23:57.701444,0.84,0.16,1.0
2025-12-10T22:23:58.324945,0.84,0.16,1.0
2025-12-10T22:23:58.988240,0.84,0.155,0.995
2025-12-10T22:23:59.606743,0.845,0.155,1.0
2025-12-10T22:24:00.231566,0.855,0.145,1.0
2025-12-10T22:24:00.875756,0.855,0.145,1.0
2025-12-10T22:24:01.500522,0.865,0.135,1.0
2025-12-10T22:24:02.158424,0.865,0.135,1.0
2025-12-10T22:24:02.795998,0.865,0.135,1.0
2025-12-10T22:24:03.419214,0.865,0.135,1.0
2025-12-10T22:24:04.103362,0.875,0.125,1.0
2025-12-10T22:24:04.736038,0.885,0.115,1.0
2025-12-10T22:24:05.383172,0.885,0.115,1.0
2025-12-10T22:24:06.013184,0.885,0.115,1.0
2025-12-10T22:24:06.661752,0.885,0.115,1.0
2025-12-10T22:24:07.287308,0.885,0.115,1.0
2025-12-10T22:24:07.915425,0.87,0.13,1.0
2025-12-10T22:24:08.540931,0.87,0.13,1.0
2025-12-10T22:24:09.172624,0.875,0.125,1.0
2025-12-10T22:24:09.813428,0.87,0.13,1.0
2025-12-10T22:24:10.448518,0.875,0.115,0.99
2025-12-10T22:24:11.086268,0.885,0.115,1.0
2025-12-10T22:24:11.708931,0.885,0.115,1.0
2025-12-10T22:24:12.328788,0.885,0.115,1.0
2025-12-10T22:24:12.968249,0.885,0.115,1.0
2025-12-10T22:24:13.618081,0.885,0.115,1.0
2025-12-10T22:24:14.261159,0.885,0.115,1.0
2025-12-10T22:24:14.892426,0.885,0.115,1.0
2025-12-10T22:24:15.513207,0.885,0.12,1.005
2025-12-10T22:24:16.140792,0.875,0.125,1.0
2025-12-10T22:24:16.758141,0.875,0.125,1.0
2025-12-10T22:24:17.388906,0.875,0.125,1.0
2025-12-10T22:24:18.003572,0.875,0.125,1.0
2025-12-10T22:24:18.618671,0.875,0.125,1.0
2025-12-10T22:24:19.239868,0.885,0.115,1.0
2025-12-10T22:24:19.888672,0.885,0.105,0.99
2025-12-10T22:24:20.513884,0.89,0.11,1.0
2025-12-10T22:24:21.206409,0.88,0.12,1.0
2025-12-10T22:24:21.862506,0.875,0.125,1.0
2025-12-10T22:24:22.485006,0.875,0.125,1.0
2025-12-10T22:24:23.128173,0.885,0.115,1.0
2025-12-10T22:24:22.086768,0.89,0.105,0.995
2025-12-10T22:24:22.721477,0.89,0.11,1.0
2025-12-10T22:24:23.346862,0.89,0.11,1.0
2025-12-10T22:24:23.989396,0.895,0.11,1.0050000000000001
2025-12-10T22:24:24.649605,0.885,0.115,1.0
2025-12-10T22:24:25.287055,0.89,0.11,1.0
2025-12-10T22:24:25.923364,0.885,0.115,1.0
2025-12-10T22:24:26.567114,0.89,0.11,1.0
2025-12-10T22:24:27.200660,0.89,0.11,1.0
2025-12-10T22:24:27.831766,0.89,0.11,1.0
2025-12-10T22:24:28.470870,0.89,0.11,1.0
2025-12-10T22:24:29.118211,0.895,0.105,1.0
2025-12-10T22:24:29.762825,0.89,0.11,1.0
2025-12-10T22:24:30.382514,0.895,0.105,1.0
2025-12-10T22:24:31.014380,0.895,0.105,1.0
2025-12-10T22:24:31.661336,0.895,0.105,1.0
2025-12-10T22:24:32.353942,0.895,0.105,1.0
2025-12-10T22:24:32.994337,0.895,0.105,1.0
2025-12-10T22:24:33.628304,0.895,0.105,1.0
2025-12-10T22:24:34.271004,0.895,0.105,1.0
2025-12-10T22:24:34.922392,0.895,0.105,1.0
2025-12-10T22:24:35.564668,0.895,0.105,1.0
2025-12-10T22:24:36.199223,0.895,0.105,1.0
2025-12-10T22:24:36.839794,0.895,0.105,1.0
2025-12-10T22:24:37.467985,0.895,0.105,1.0
2025-12-10T22:24:38.124670,0.895,0.105,1.0
2025-12-10T22:24:38.748398,0.895,0.105,1.0
2025-12-10T22:24:39.384649,0.895,0.105,1.0
2025-12-10T22:24:40.017672,0.895,0.105,1.0
2025-12-10T22:24:40.676714,0.895,0.105,1.0
2025-12-10T22:24:41.291830,0.895,0.105,1.0
2025-12-10T22:24:41.947406,0.895,0.105,1.0
2025-12-10T22:24:42.577752,0.895,0.105,1.0
2025-12-10T22:24:43.216071,0.895,0.105,1.0
2025-12-10T22:24:43.866170,0.895,0.105,1.0
2025-12-10T22:24:44.518902,0.895,0.105,1.0
2025-12-10T22:24:45.157943,0.895,0.105,1.0
2025-12-10T22:24:45.818186,0.895,0.105,1.0
2025-12-10T22:24:46.457494,0.895,0.105,1.0
2025-12-10T22:24:47.081468,0.905,0.095,1.0
2025-12-10T22:24:47.798176,0.905,0.095,1.0
2025-12-10T22:24:48.435791,0.905,0.095,1.0
2025-12-10T22:24:49.122439,0.915,0.085,1.0
2025-12-10T22:24:49.753930,0.915,0.085,1.0
2025-12-10T22:24:50.484288,0.92,0.075,0.995
2025-12-10T22:24:51.106493,0.925,0.075,1.0
2025-12-10T22:24:51.725973,0.925,0.075,1.0
2025-12-10T22:24:52.402925,0.925,0.075,1.0
2025-12-10T22:24:53.039826,0.925,0.075,1.0
2025-12-10T22:24:53.657752,0.925,0.075,1.0
2025-12-10T22:24:52.621160,0.935,0.065,1.0
2025-12-10T22:24:53.255787,0.935,0.065,1.0
2025-12-10T22:24:53.924094,0.935,0.065,1.0
2025-12-10T22:24:54.543693,0.93,0.07,1.0
2025-12-10T22:24:55.166253,0.93,0.065,0.9950000000000001
2025-12-10T22:24:55.795465,0.935,0.065,1.0
2025-12-10T22:24:56.415786,0.935,0.065,1.0
2025-12-10T22:24:57.067292,0.935,0.065,1.0
2025-12-10T22:24:57.698010,0.935,0.065,1.0
2025-12-10T22:24:58.336579,0.935,0.065,1.0
2025-12-10T22:24:59.180801,0.935,0.065,1.0
2025-12-10T22:24:59.815950,0.935,0.065,1.0
2025-12-10T22:25:00.446631,0.935,0.065,1.0
2025-12-10T22:25:01.078102,0.935,0.065,1.0
2025-12-10T22:25:01.737147,0.945,0.055,1.0
2025-12-10T22:25:02.402288,0.945,0.055,1.0
2025-12-10T22:25:03.039168,0.94,0.06,1.0
2025-12-10T22:25:03.667197,0.94,0.06,1.0
2025-12-10T22:25:04.304294,0.945,0.055,1.0
2025-12-10T22:25:04.942619,0.95,0.05,1.0
2025-12-10T22:25:05.577087,0.95,0.05,1.0
2025-12-10T22:25:06.237534,0.95,0.05,1.0
2025-12-10T22:25:06.907428,0.95,0.05,1.0
2025-12-10T22:25:07.528912,0.955,0.045,1.0
2025-12-10T22:25:08.154956,0.95,0.05,1.0
2025-12-10T22:25:08.805283,0.955,0.05,1.005
2025-12-10T22:25:09.480190,0.95,0.05,1.0
2025-12-10T22:25:10.145304,0.95,0.05,1.0
2025-12-10T22:25:10.766075,0.95,0.05,1.0
2025-12-10T22:25:11.411046,0.945,0.055,1.0
2025-12-10T22:25:12.076138,0.935,0.065,1.0
2025-12-10T22:25:12.713201,0.94,0.06,1.0
2025-12-10T22:25:13.331170,0.955,0.045,1.0
2025-12-10T22:25:13.952669,0.95,0.05,1.0
2025-12-10T22:25:14.581575,0.95,0.05,1.0
2025-12-10T22:25:15.214558,0.95,0.05,1.0
2025-12-10T22:25:15.837489,0.945,0.055,1.0
2025-12-10T22:25:16.465659,0.95,0.05,1.0
2025-12-10T22:25:17.099709,0.955,0.045,1.0
2025-12-10T22:25:17.744572,0.95,0.05,1.0
2025-12-10T22:25:18.360419,0.95,0.05,1.0
2025-12-10T22:25:19.025133,0.95,0.05,1.0
2025-12-10T22:25:19.687976,0.95,0.05,1.0
2025-12-10T22:25:20.335700,0.955,0.045,1.0
2025-12-10T22:25:20.954869,0.95,0.05,1.0
2025-12-10T22:25:21.595810,0.945,0.05,0.995
2025-12-10T22:25:22.222764,0.95,0.05,1.0
2025-12-10T22:25:22.844811,0.95,0.05,1.0
2025-12-10T22:25:23.470584,0.95,0.05,1.0
2025-12-10T22:25:24.096826,0.95,0.05,1.0
2025-12-10T22:25:23.070391,0.955,0.045,1.0
2025-12-10T22:25:23.701118,0.955,0.045,1.0
2025-12-10T22:25:24.323895,0.96,0.04,1.0
2025-12-10T22:25:24.949986,0.965,0.035,1.0
2025-12-10T22:25:25.597123,0.965,0.035,1.0
2025-12-10T22:25:26.234883,0.955,0.045,1.0
2025-12-10T22:25:26.861524,0.955,0.045,1.0
2025-12-10T22:25:27.481117,0.96,0.04,1.0
2025-12-10T22:25:28.122167,0.96,0.04,1.0
2025-12-10T22:25:28.775433,0.96,0.04,1.0
2025-12-10T22:25:29.410750,0.955,0.045,1.0
2025-12-10T22:25:30.019006,0.955,0.045,1.0
2025-12-10T22:25:30.733687,0.955,0.045,1.0
2025-12-10T22:25:31.343208,0.96,0.04,1.0
2025-12-10T22:25:31.968838,0.96,0.04,1.0
2025-12-10T22:25:32.594332,0.96,0.04,1.0
2025-12-10T22:25:33.211182,0.96,0.04,1.0
2025-12-10T22:25:33.840063,0.965,0.035,1.0
2025-12-10T22:25:34.462656,0.965,0.035,1.0
2025-12-10T22:25:35.101487,0.965,0.035,1.0
2025-12-10T22:25:35.730008,0.965,0.035,1.0
2025-12-10T22:25:36.350340,0.965,0.035,1.0
2025-12-10T22:25:37.000449,0.965,0.035,1.0
2025-12-10T22:25:37.613658,0.965,0.035,1.0
2025-12-10T22:25:38.237610,0.965,0.035,1.0
2025-12-10T22:25:38.872123,0.965,0.035,1.0
2025-12-10T22:25:39.502388,0.96,0.04,1.0
2025-12-10T22:25:40.117480,0.96,0.04,1.0
2025-12-10T22:25:40.739148,0.96,0.04,1.0
2025-12-10T22:25:41.392567,0.96,0.04,1.0
2025-12-10T22:25:42.050582,0.955,0.04,0.995
2025-12-10T22:25:42.687890,0.965,0.035,1.0
2025-12-10T22:25:43.314548,0.96,0.04,1.0
2025-12-10T22:25:43.933021,0.96,0.04,1.0
2025-12-10T22:25:44.558608,0.96,0.04,1.0
2025-12-10T22:25:45.185759,0.955,0.045,1.0
2025-12-10T22:25:45.830357,0.95,0.05,1.0
2025-12-10T22:25:46.456720,0.95,0.05,1.0
2025-12-10T22:25:47.081127,0.95,0.05,1.0
2025-12-10T22:25:47.703782,0.95,0.05,1.0
2025-12-10T22:25:48.325554,0.945,0.055,1.0
2025-12-10T22:25:48.974368,0.935,0.065,1.0
2025-12-10T22:25:49.615883,0.925,0.075,1.0
2025-12-10T22:25:50.260021,0.925,0.075,1.0
2025-12-10T22:25:50.897910,0.92,0.08,1.0
2025-12-10T22:25:51.520725,0.915,0.085,1.0
2025-12-10T22:25:52.152778,0.915,0.085,1.0
2025-12-10T22:25:52.767933,0.915,0.085,1.0
2025-12-10T22:25:53.416651,0.905,0.095,1.0
2025-12-10T22:25:54.054066,0.9,0.09,0.99
2025-12-10T22:25:54.691367,0.91,0.09,1.0
2025-12-10T22:25:53.676427,0.92,0.08,1.0
2025-12-10T22:25:54.306714,0.92,0.075,0.995
2025-12-10T22:25:54.931356,0.93,0.07,1.0
2025-12-10T22:25:55.586727,0.94,0.06,1.0
2025-12-10T22:25:56.218196,0.945,0.055,1.0
2025-12-10T22:25:56.858450,0.945,0.055,1.0
2025-12-10T22:25:57.474587,0.945,0.055,1.0
2025-12-10T22:25:58.108338,0.945,0.055,1.0
2025-12-10T22:25:58.736932,0.955,0.045,1.0
2025-12-10T22:25:59.361110,0.95,0.05,1.0
2025-12-10T22:25:59.979219,0.945,0.055,1.0
2025-12-10T22:26:00.631009,0.955,0.045,1.0
2025-12-10T22:26:01.310888,0.96,0.04,1.0
2025-12-10T22:26:01.959178,0.955,0.04,0.995
2025-12-10T22:26:02.594053,0.96,0.04,1.0
2025-12-10T22:26:03.244274,0.965,0.035,1.0
2025-12-10T22:26:03.896664,0.97,0.03,1.0
2025-12-10T22:26:04.531762,0.97,0.035,1.005
2025-12-10T22:26:05.166864,0.95,0.05,1.0
2025-12-10T22:26:05.800703,0.945,0.055,1.0
2025-12-10T22:26:06.428786,0.955,0.045,1.0
2025-12-10T22:26:07.055819,0.965,0.025,0.99
2025-12-10T22:26:07.691366,0.975,0.025,1.0
2025-12-10T22:26:08.318362,0.975,0.025,1.0
2025-12-10T22:26:08.952368,0.97,0.035,1.005
2025-12-10T22:26:09.618954,0.955,0.045,1.0
2025-12-10T22:26:10.332997,0.96,0.035,0.995
2025-12-10T22:26:10.969981,0.97,0.035,1.005
2025-12-10T22:26:11.683203,0.965,0.03,0.995
2025-12-10T22:26:12.322695,0.97,0.03,1.0
2025-12-10T22:26:12.982061,0.97,0.03,1.0
2025-12-10T22:26:13.608940,0.97,0.03,1.0
2025-12-10T22:26:14.345634,0.97,0.03,1.0
2025-12-10T22:26:14.973386,0.975,0.025,1.0
2025-12-10T22:26:15.603435,0.975,0.025,1.0
2025-12-10T22:26:16.264150,0.975,0.025,1.0
2025-12-10T22:26:16.883395,0.975,0.025,1.0
2025-12-10T22:26:17.526805,0.975,0.025,1.0
2025-12-10T22:26:18.171672,0.975,0.025,1.0
2025-12-10T22:26:18.879791,0.975,0.025,1.0
2025-12-10T22:26:19.566563,0.975,0.025,1.0
2025-12-10T22:26:20.228499,0.975,0.025,1.0
2025-12-10T22:26:20.866537,0.975,0.025,1.0
2025-12-10T22:26:21.556846,0.975,0.025,1.0
2025-12-10T22:26:22.226830,0.975,0.025,1.0
2025-12-10T22:26:22.846351,0.975,0.025,1.0
2025-12-10T22:26:23.492680,0.975,0.025,1.0
2025-12-10T22:26:24.102877,0.975,0.025,1.0
2025-12-10T22:26:24.737289,0.975,0.025,1.0
2025-12-10T22:26:25.384663,0.975,0.025,1.0
2025-12-10T22:26:24.443236,0.975,0.025,1.0
2025-12-10T22:26:25.109887,0.975,0.025,1.0
2025-12-10T22:26:25.774986,0.975,0.025,1.0
2025-12-10T22:26:26.488275,0.975,0.025,1.0
2025-12-10T22:26:27.175815,0.975,0.025,1.0
2025-12-10T22:26:27.801514,0.975,0.025,1.0
2025-12-10T22:26:28.440736,0.975,0.025,1.0
2025-12-10T22:26:29.104514,0.975,0.025,1.0
2025-12-10T22:26:29.738344,0.975,0.025,1.0
2025-12-10T22:26:30.359888,0.975,0.025,1.0
2025-12-10T22:26:30.986300,0.975,0.025,1.0
2025-12-10T22:26:31.609362,0.975,0.025,1.0
2025-12-10T22:26:32.242509,0.975,0.025,1.0
2025-12-10T22:26:32.864157,0.975,0.025,1.0
2025-12-10T22:26:33.479949,0.975,0.025,1.0
2025-12-10T22:26:34.123952,0.975,0.025,1.0
2025-12-10T22:26:34.754911,0.975,0.025,1.0
2025-12-10T22:26:35.424484,0.975,0.025,1.0
2025-12-10T22:26:36.053012,0.975,0.025,1.0
2025-12-10T22:26:36.676053,0.975,0.025,1.0
2025-12-10T22:26:37.318612,0.975,0.025,1.0
2025-12-10T22:26:37.954012,0.975,0.025,1.0
2025-12-10T22:26:38.581732,0.975,0.025,1.0
2025-12-10T22:26:39.236043,0.975,0.025,1.0
2025-12-10T22:26:39.879019,0.975,0.025,1.0
2025-12-10T22:26:40.506499,0.975,0.025,1.0
2025-12-10T22:26:41.176222,0.975,0.025,1.0
2025-12-10T22:26:41.819038,0.975,0.025,1.0
2025-12-10T22:26:42.524882,0.975,0.025,1.0
2025-12-10T22:26:43.163556,0.975,0.025,1.0
2025-12-10T22:26:43.785640,0.975,0.025,1.0
2025-12-10T22:26:44.481220,0.975,0.025,1.0
2025-12-10T22:26:45.100436,0.975,0.025,1.0
2025-12-10T22:26:45.734673,0.975,0.025,1.0
2025-12-10T22:26:46.351951,0.975,0.025,1.0
2025-12-10T22:26:46.978249,0.975,0.025,1.0
2025-12-10T22:26:47.609134,0.975,0.025,1.0
2025-12-10T22:26:48.224863,0.975,0.025,1.0
2025-12-10T22:26:48.878060,0.975,0.025,1.0
2025-12-10T22:26:49.554356,0.975,0.025,1.0
2025-12-10T22:26:50.179626,0.975,0.025,1.0
2025-12-10T22:26:50.846978,0.975,0.025,1.0
2025-12-10T22:26:51.492375,0.975,0.025,1.0
2025-12-10T22:26:52.099917,0.975,0.025,1.0
2025-12-10T22:26:52.729065,0.975,0.025,1.0
2025-12-10T22:26:53.354899,0.975,0.025,1.0
2025-12-10T22:26:53.998577,0.975,0.025,1.0
2025-12-10T22:26:54.614922,0.975,0.025,1.0
2025-12-10T22:26:55.259574,0.975,0.025,1.0
2025-12-10T22:26:55.871338,0.975,0.025,1.0
2025-12-10T22:26:54.821158,0.975,0.025,1.0
2025-12-10T22:26:55.475945,0.975,0.025,1.0
2025-12-10T22:26:56.114223,0.975,0.025,1.0
2025-12-10T22:26:56.736714,0.975,0.025,1.0
2025-12-10T22:26:57.400479,0.975,0.025,1.0
2025-12-10T22:26:58.027715,0.975,0.025,1.0
2025-12-10T22:26:58.676666,0.975,0.025,1.0
2025-12-10T22:26:59.370682,0.975,0.025,1.0
2025-12-10T22:27:00.018623,0.975,0.025,1.0
2025-12-10T22:27:00.668984,0.975,0.025,1.0
2025-12-10T22:27:01.302066,0.975,0.025,1.0
2025-12-10T22:27:01.934324,0.965,0.035,1.0
2025-12-10T22:27:02.597363,0.97,0.03,1.0
2025-12-10T22:27:03.248354,0.97,0.03,1.0
2025-12-10T22:27:03.919566,0.975,0.025,1.0
2025-12-10T22:27:04.546223,0.975,0.025,1.0
2025-12-10T22:27:05.253983,0.975,0.025,1.0
2025-12-10T22:27:05.957799,0.975,0.025,1.0
2025-12-10T22:27:06.581071,0.975,0.025,1.0
2025-12-10T22:27:07.260709,0.975,0.025,1.0
2025-12-10T22:27:08.020034,0.975,0.025,1.0
2025-12-10T22:27:08.703187,0.975,0.025,1.0
2025-12-10T22:27:09.348375,0.975,0.025,1.0
2025-12-10T22:27:09.992531,0.975,0.025,1.0
2025-12-10T22:27:10.654588,0.975,0.025,1.0
2025-12-10T22:27:11.332025,0.975,0.025,1.0
2025-12-10T22:27:11.967899,0.975,0.025,1.0
2025-12-10T22:27:12.620081,0.975,0.025,1.0
2025-12-10T22:27:13.252387,0.975,0.025,1.0
2025-12-10T22:27:13.900565,0.975,0.025,1.0
2025-12-10T22:27:14.538328,0.975,0.025,1.0
2025-12-10T22:27:15.177658,0.975,0.025,1.0
2025-12-10T22:27:15.818940,0.975,0.02,0.995
2025-12-10T22:27:16.448723,0.98,0.02,1.0
2025-12-10T22:27:17.072761,0.98,0.015,0.995
2025-12-10T22:27:17.724279,0.985,0.015,1.0
2025-12-10T22:27:18.362247,0.98,0.02,1.0
2025-12-10T22:27:18.985672,0.98,0.02,1.0
2025-12-10T22:27:19.669169,0.98,0.02,1.0
2025-12-10T22:27:20.283844,0.98,0.02,1.0
2025-12-10T22:27:20.895922,0.985,0.015,1.0
2025-12-10T22:27:21.527715,0.985,0.02,1.005
2025-12-10T22:27:22.200823,0.98,0.02,1.0
2025-12-10T22:27:22.829670,0.98,0.02,1.0
2025-12-10T22:27:23.457961,0.98,0.02,1.0
2025-12-10T22:27:24.140013,0.98,0.02,1.0
2025-12-10T22:27:24.753421,0.98,0.02,1.0
2025-12-10T22:27:25.389030,0.98,0.02,1.0
2025-12-10T22:27:26.050610,0.98,0.02,1.0
2025-12-10T22:27:26.705103,0.985,0.015,1.0
2025-12-10T22:27:25.662579,0.98,0.02,1.0
2025-12-10T22:27:26.277274,0.975,0.025,1.0
2025-12-10T22:27:26.905917,0.975,0.025,1.0
2025-12-10T22:27:27.562452,0.975,0.025,1.0
2025-12-10T22:27:28.197778,0.975,0.015,0.99
2025-12-10T22:27:28.852717,0.985,0.015,1.0
2025-12-10T22:27:29.490109,0.985,0.015,1.0
2025-12-10T22:27:30.117791,0.985,0.015,1.0
2025-12-10T22:27:30.744904,0.985,0.015,1.0
2025-12-10T22:27:31.420142,0.985,0.015,1.0
2025-12-10T22:27:32.070824,0.985,0.015,1.0
2025-12-10T22:27:32.709205,0.985,0.015,1.0
2025-12-10T22:27:33.326721,0.985,0.015,1.0
2025-12-10T22:27:33.983613,0.985,0.015,1.0
2025-12-10T22:27:34.713236,0.985,0.015,1.0
2025-12-10T22:27:35.349047,0.985,0.015,1.0
2025-12-10T22:27:35.980559,0.985,0.015,1.0
2025-12-10T22:27:36.649234,0.985,0.015,1.0
2025-12-10T22:27:37.267510,0.985,0.015,1.0
2025-12-10T22:27:37.896752,0.985,0.015,1.0
2025-12-10T22:27:38.525176,0.985,0.015,1.0
2025-12-10T22:27:39.152766,0.985,0.015,1.0
2025-12-10T22:27:39.789916,0.985,0.015,1.0
2025-12-10T22:27:40.422882,0.985,0.015,1.0
2025-12-10T22:27:41.132000,0.985,0.015,1.0
2025-12-10T22:27:41.773496,0.985,0.015,1.0
2025-12-10T22:27:42.473651,0.985,0.015,1.0
2025-12-10T22:27:43.162607,0.985,0.015,1.0
2025-12-10T22:27:43.824821,0.985,0.015,1.0
2025-12-10T22:27:44.465532,0.985,0.015,1.0
2025-12-10T22:27:45.140702,0.985,0.015,1.0
2025-12-10T22:27:45.773232,0.985,0.015,1.0
2025-12-10T22:27:46.389894,0.985,0.015,1.0
2025-12-10T22:27:47.000035,0.985,0.015,1.0
2025-12-10T22:27:47.652236,0.985,0.015,1.0
2025-12-10T22:27:48.308056,0.985,0.015,1.0
2025-12-10T22:27:48.933834,0.985,0.015,1.0
2025-12-10T22:27:49.557334,0.985,0.015,1.0
2025-12-10T22:27:50.217365,0.985,0.015,1.0
2025-12-10T22:27:50.853326,0.985,0.015,1.0
2025-12-10T22:27:51.476112,0.985,0.015,1.0
2025-12-10T22:27:52.093875,0.985,0.015,1.0
2025-12-10T22:27:52.720379,0.985,0.015,1.0
2025-12-10T22:27:53.375216,0.985,0.015,1.0
2025-12-10T22:27:53.998679,0.985,0.015,1.0
2025-12-10T22:27:54.657893,0.985,0.015,1.0
2025-12-10T22:27:55.276761,0.985,0.015,1.0
2025-12-10T22:27:55.918821,0.985,0.015,1.0
2025-12-10T22:27:56.648640,0.985,0.015,1.0
2025-12-10T22:27:57.289898,0.985,0.015,1.0
2025-12-10T22:27:56.251429,0.985,0.015,1.0
2025-12-10T22:27:56.874473,0.985,0.015,1.0
2025-12-10T22:27:57.509794,0.985,0.015,1.0
2025-12-10T22:27:58.125377,0.985,0.015,1.0
2025-12-10T22:27:58.753547,0.985,0.015,1.0
2025-12-10T22:27:59.370059,0.985,0.015,1.0
2025-12-10T22:27:59.997179,0.985,0.015,1.0
2025-12-10T22:28:00.664651,0.985,0.015,1.0
2025-12-10T22:28:01.292295,0.985,0.015,1.0
2025-12-10T22:28:01.988632,0.985,0.015,1.0
2025-12-10T22:28:02.636916,0.985,0.015,1.0
2025-12-10T22:28:03.266608,0.985,0.015,1.0
2025-12-10T22:28:03.886411,0.985,0.015,1.0
2025-12-10T22:28:04.519203,0.985,0.015,1.0
2025-12-10T22:28:05.138783,0.985,0.015,1.0
2025-12-10T22:28:05.769410,0.985,0.015,1.0
2025-12-10T22:28:06.395994,0.985,0.015,1.0
2025-12-10T22:28:07.025635,0.985,0.015,1.0
2025-12-10T22:28:07.664745,0.985,0.015,1.0
2025-12-10T22:28:08.302855,0.985,0.015,1.0
2025-12-10T22:28:08.934335,0.985,0.015,1.0
2025-12-10T22:28:09.559041,0.985,0.015,1.0
2025-12-10T22:28:10.212930,0.985,0.015,1.0
2025-12-10T22:28:10.842396,0.985,0.015,1.0
2025-12-10T22:28:11.495110,0.985,0.015,1.0
2025-12-10T22:28:12.137220,0.985,0.015,1.0
2025-12-10T22:28:12.774638,0.985,0.015,1.0
2025-12-10T22:28:13.447733,0.985,0.015,1.0
2025-12-10T22:28:14.087752,0.985,0.015,1.0
2025-12-10T22:28:14.747968,0.985,0.015,1.0
2025-12-10T22:28:15.374054,0.985,0.015,1.0
2025-12-10T22:28:16.004976,0.985,0.015,1.0
2025-12-10T22:28:16.639218,0.985,0.015,1.0
2025-12-10T22:28:17.288446,0.985,0.015,1.0
2025-12-10T22:28:17.918686,0.985,0.015,1.0
2025-12-10T22:28:18.540142,0.985,0.015,1.0
2025-12-10T22:28:19.162067,0.985,0.015,1.0
2025-12-10T22:28:19.792290,0.985,0.015,1.0
2025-12-10T22:28:20.431647,0.985,0.015,1.0
2025-12-10T22:28:21.052007,0.985,0.015,1.0
2025-12-10T22:28:21.705588,0.985,0.015,1.0
2025-12-10T22:28:22.380158,0.985,0.015,1.0
2025-12-10T22:28:23.015241,0.985,0.015,1.0
2025-12-10T22:28:23.659491,0.985,0.015,1.0
2025-12-10T22:28:24.276538,0.985,0.015,1.0
2025-12-10T22:28:24.920226,0.985,0.015,1.0
2025-12-10T22:28:25.537779,0.985,0.015,1.0
2025-12-10T22:28:26.168545,0.975,0.025,1.0
2025-12-10T22:28:26.796917,0.975,0.025,1.0
2025-12-10T22:28:27.454338,0.975,0.025,1.0
2025-12-10T22:28:28.069651,0.975,0.025,1.0
2025-12-10T22:28:27.011106,0.985,0.015,1.0
2025-12-10T22:28:27.656272,0.985,0.015,1.0
2025-12-10T22:28:28.295279,0.985,0.015,1.0
2025-12-10T22:28:28.930859,0.985,0.015,1.0
2025-12-10T22:28:29.570486,0.985,0.015,1.0
2025-12-10T22:28:30.207298,0.985,0.015,1.0
2025-12-10T22:28:30.830748,0.985,0.015,1.0
2025-12-10T22:28:31.455204,0.985,0.015,1.0
2025-12-10T22:28:32.086443,0.985,0.015,1.0
2025-12-10T22:28:32.726111,0.985,0.015,1.0
2025-12-10T22:28:33.353351,0.985,0.015,1.0
2025-12-10T22:28:33.988211,0.975,0.025,1.0
2025-12-10T22:28:34.623249,0.975,0.025,1.0
2025-12-10T22:28:35.247263,0.975,0.025,1.0
2025-12-10T22:28:35.872378,0.975,0.025,1.0
2025-12-10T22:28:36.503651,0.975,0.025,1.0
2025-12-10T22:28:37.134537,0.975,0.025,1.0
2025-12-10T22:28:37.755582,0.975,0.025,1.0
2025-12-10T22:28:38.431945,0.975,0.025,1.0
2025-12-10T22:28:39.065883,0.975,0.025,1.0
2025-12-10T22:28:39.710732,0.975,0.025,1.0
2025-12-10T22:28:40.340646,0.975,0.025,1.0
2025-12-10T22:28:40.957881,0.975,0.025,1.0
2025-12-10T22:28:41.582293,0.975,0.025,1.0
2025-12-10T22:28:42.204188,0.975,0.025,1.0
2025-12-10T22:28:42.847246,0.975,0.025,1.0
2025-12-10T22:28:43.472282,0.97,0.03,1.0
2025-12-10T22:28:44.097488,0.97,0.03,1.0
2025-12-10T22:28:44.722436,0.97,0.03,1.0
2025-12-10T22:28:45.340849,0.965,0.035,1.0
2025-12-10T22:28:45.990119,0.965,0.035,1.0
2025-12-10T22:28:46.618139,0.97,0.03,1.0
2025-12-10T22:28:47.248411,0.97,0.03,1.0
2025-12-10T22:28:47.918789,0.975,0.025,1.0
2025-12-10T22:28:48.547038,0.975,0.025,1.0
2025-12-10T22:28:49.166754,0.975,0.025,1.0
2025-12-10T22:28:49.793474,0.975,0.025,1.0
2025-12-10T22:28:50.424884,0.975,0.025,1.0
2025-12-10T22:28:51.052789,0.975,0.025,1.0
2025-12-10T22:28:51.684319,0.98,0.02,1.0
2025-12-10T22:28:52.346501,0.985,0.015,1.0
2025-12-10T22:28:52.979019,0.985,0.015,1.0
2025-12-10T22:28:53.623477,0.985,0.015,1.0
2025-12-10T22:28:54.252900,0.985,0.015,1.0
2025-12-10T22:28:54.892321,0.985,0.015,1.0
2025-12-10T22:28:55.528662,0.985,0.015,1.0
2025-12-10T22:28:56.172983,0.985,0.015,1.0
2025-12-10T22:28:56.828846,0.985,0.015,1.0
2025-12-10T22:28:57.466252,0.985,0.015,1.0
2025-12-10T22:28:58.107040,0.985,0.015,1.0
2025-12-10T22:28:57.071986,0.985,0.015,1.0
2025-12-10T22:28:57.749249,0.975,0.025,1.0
2025-12-10T22:28:58.386982,0.975,0.025,1.0
2025-12-10T22:28:59.031650,0.975,0.025,1.0
2025-12-10T22:28:59.656404,0.975,0.025,1.0
2025-12-10T22:29:00.284811,0.975,0.025,1.0
2025-12-10T22:29:00.910935,0.975,0.025,1.0
2025-12-10T22:29:01.551336,0.965,0.035,1.0
2025-12-10T22:29:02.187387,0.965,0.035,1.0
2025-12-10T22:29:02.831470,0.965,0.035,1.0
2025-12-10T22:29:03.451451,0.96,0.04,1.0
2025-12-10T22:29:04.087961,0.955,0.045,1.0
2025-12-10T22:29:04.730131,0.965,0.035,1.0
2025-12-10T22:29:05.377933,0.965,0.035,1.0
2025-12-10T22:29:06.032388,0.97,0.03,1.0
2025-12-10T22:29:06.661700,0.97,0.03,1.0
2025-12-10T22:29:07.296241,0.965,0.035,1.0
2025-12-10T22:29:07.935757,0.965,0.035,1.0
2025-12-10T22:29:08.582470,0.965,0.035,1.0
2025-12-10T22:29:09.211610,0.965,0.035,1.0
2025-12-10T22:29:09.841419,0.965,0.035,1.0
2025-12-10T22:29:10.510235,0.965,0.035,1.0
2025-12-10T22:29:11.153306,0.935,0.065,1.0
2025-12-10T22:29:11.793061,0.945,0.055,1.0
2025-12-10T22:29:12.448716,0.94,0.06,1.0
2025-12-10T22:29:13.088024,0.94,0.05,0.99
2025-12-10T22:29:13.729908,0.945,0.055,1.0
2025-12-10T22:29:14.382417,0.935,0.06,0.9950000000000001
2025-12-10T22:29:15.037526,0.945,0.055,1.0
2025-12-10T22:29:15.679942,0.945,0.045,0.99
2025-12-10T22:29:16.335460,0.95,0.045,0.995
2025-12-10T22:29:16.992868,0.96,0.04,1.0
2025-12-10T22:29:17.613427,0.965,0.035,1.0
2025-12-10T22:29:18.257427,0.965,0.035,1.0
2025-12-10T22:29:18.883906,0.965,0.035,1.0
2025-12-10T22:29:19.592537,0.965,0.035,1.0
2025-12-10T22:29:20.269778,0.965,0.035,1.0
2025-12-10T22:29:20.919546,0.975,0.025,1.0
2025-12-10T22:29:21.560367,0.975,0.025,1.0
2025-12-10T22:29:22.205400,0.975,0.025,1.0
2025-12-10T22:29:22.837605,0.975,0.025,1.0
2025-12-10T22:29:23.462592,0.975,0.025,1.0
2025-12-10T22:29:24.084605,0.975,0.025,1.0
2025-12-10T22:29:24.695071,0.975,0.025,1.0
2025-12-10T22:29:25.362272,0.975,0.025,1.0
2025-12-10T22:29:25.984976,0.975,0.025,1.0
2025-12-10T22:29:26.609156,0.975,0.025,1.0
2025-12-10T22:29:27.221041,0.975,0.025,1.0
2025-12-10T22:29:27.863583,0.975,0.025,1.0
2025-12-10T22:29:28.490794,0.985,0.015,1.0
2025-12-10T22:29:29.217488,0.985,0.015,1.0
2025-12-10T22:29:28.179049,0.985,0.015,1.0
2025-12-10T22:29:28.806749,0.985,0.015,1.0
2025-12-10T22:29:29.461346,0.985,0.015,1.0
2025-12-10T22:29:30.105484,0.995,0.005,1.0
2025-12-10T22:29:30.724569,0.995,0.005,1.0
2025-12-10T22:29:31.339612,0.995,0.005,1.0
2025-12-10T22:29:31.970789,0.995,0.005,1.0
2025-12-10T22:29:32.593372,0.995,0.005,1.0
2025-12-10T22:29:33.213888,0.995,0.005,1.0
2025-12-10T22:29:33.863596,0.995,0.005,1.0
2025-12-10T22:29:34.497230,0.995,0.005,1.0
2025-12-10T22:29:35.112739,0.995,0.005,1.0
2025-12-10T22:29:35.746974,0.995,0.005,1.0
2025-12-10T22:29:36.365044,0.995,0.005,1.0
2025-12-10T22:29:36.998987,0.995,0.005,1.0
2025-12-10T22:29:37.625599,0.995,0.005,1.0
2025-12-10T22:29:38.246006,0.995,0.005,1.0
2025-12-10T22:29:38.862392,0.995,0.005,1.0
2025-12-10T22:29:39.482180,0.995,0.005,1.0
2025-12-10T22:29:40.117264,0.995,0.005,1.0
2025-12-10T22:29:40.762129,0.995,0.005,1.0
2025-12-10T22:29:41.393440,0.995,0.005,1.0
2025-12-10T22:29:42.050749,0.995,0.005,1.0
2025-12-10T22:29:42.737044,0.995,0.005,1.0
2025-12-10T22:29:43.363674,0.995,0.005,1.0
2025-12-10T22:29:43.988253,0.995,0.005,1.0
2025-12-10T22:29:44.676086,0.995,0.005,1.0
2025-12-10T22:29:45.291683,0.995,0.005,1.0
2025-12-10T22:29:45.975000,0.995,0.005,1.0
2025-12-10T22:29:46.615520,0.995,0.005,1.0
2025-12-10T22:29:47.343695,0.995,0.005,1.0
2025-12-10T22:29:48.009530,0.995,0.005,1.0
2025-12-10T22:29:48.644042,0.995,0.005,1.0
2025-12-10T22:29:49.321339,0.995,0.005,1.0
2025-12-10T22:29:50.032366,0.995,0.005,1.0
2025-12-10T22:29:50.651307,0.995,0.005,1.0
2025-12-10T22:29:51.288660,0.995,0.005,1.0
2025-12-10T22:29:51.921404,0.995,0.005,1.0
2025-12-10T22:29:52.543223,0.995,0.005,1.0
2025-12-10T22:29:53.162573,0.995,0.005,1.0
2025-12-10T22:29:53.779703,0.995,0.005,1.0
2025-12-10T22:29:54.467456,0.995,0.005,1.0
2025-12-10T22:29:55.090860,0.995,0.005,1.0
2025-12-10T22:29:55.709572,0.995,0.005,1.0
2025-12-10T22:29:56.322357,0.995,0.005,1.0
2025-12-10T22:29:56.961392,0.995,0.005,1.0
2025-12-10T22:29:57.607262,0.995,0.005,1.0
2025-12-10T22:29:58.228384,0.995,0.005,1.0
2025-12-10T22:29:58.851381,0.995,0.005,1.0
2025-12-10T22:29:59.480828,0.995,0.005,1.0
2025-12-10T22:29:58.440383,0.995,0.005,1.0
2025-12-10T22:29:59.072502,0.995,0.005,1.0
2025-12-10T22:29:59.729656,0.995,0.005,1.0
2025-12-10T22:30:00.351810,0.995,0.005,1.0
2025-12-10T22:30:00.971124,0.995,0.005,1.0
2025-12-10T22:30:01.603212,0.995,0.005,1.0
2025-12-10T22:30:02.215723,0.995,0.005,1.0
2025-12-10T22:30:02.856308,0.995,0.005,1.0
2025-12-10T22:30:03.478958,0.995,0.005,1.0
2025-12-10T22:30:04.114336,0.995,0.005,1.0
2025-12-10T22:30:04.743206,0.995,0.005,1.0
2025-12-10T22:30:05.355072,0.995,0.005,1.0
2025-12-10T22:30:05.975546,0.995,0.005,1.0
2025-12-10T22:30:06.612548,0.995,0.005,1.0
2025-12-10T22:30:07.236468,0.995,0.005,1.0
2025-12-10T22:30:07.947314,0.995,0.005,1.0
2025-12-10T22:30:08.596060,0.995,0.005,1.0
2025-12-10T22:30:09.285560,0.995,0.005,1.0
2025-12-10T22:30:09.914891,0.995,0.005,1.0
2025-12-10T22:30:10.553274,0.995,0.005,1.0
2025-12-10T22:30:11.211336,0.995,0.005,1.0
2025-12-10T22:30:11.873579,0.995,0.005,1.0
2025-12-10T22:30:12.556074,0.995,0.005,1.0
2025-12-10T22:30:13.207969,0.995,0.005,1.0
2025-12-10T22:30:13.886830,0.995,0.005,1.0
2025-12-10T22:30:14.554512,0.995,0.005,1.0
2025-12-10T22:30:15.179718,0.995,0.005,1.0
2025-12-10T22:30:15.856540,0.995,0.005,1.0
2025-12-10T22:30:16.489228,0.995,0.005,1.0
2025-12-10T22:30:17.155578,0.995,0.005,1.0
2025-12-10T22:30:17.822700,0.995,0.005,1.0
2025-12-10T22:30:18.483369,0.995,0.005,1.0
2025-12-10T22:30:19.121489,0.995,0.005,1.0
2025-12-10T22:30:19.774471,0.995,0.005,1.0
2025-12-10T22:30:20.412343,0.995,0.005,1.0
2025-12-10T22:30:21.078449,0.995,0.005,1.0
2025-12-10T22:30:21.724173,0.995,0.005,1.0
2025-12-10T22:30:22.393048,0.995,0.005,1.0
2025-12-10T22:30:23.044390,0.995,0.005,1.0
2025-12-10T22:30:23.697139,0.995,0.005,1.0
2025-12-10T22:30:24.353302,0.995,0.005,1.0
2025-12-10T22:30:24.972891,0.995,0.005,1.0
2025-12-10T22:30:25.612833,0.995,0.005,1.0
2025-12-10T22:30:26.268970,0.995,0.005,1.0
2025-12-10T22:30:26.891682,0.995,0.005,1.0
2025-12-10T22:30:27.578298,0.995,0.005,1.0
2025-12-10T22:30:28.210198,0.995,0.005,1.0
2025-12-10T22:30:28.851803,0.995,0.005,1.0
2025-12-10T22:30:29.528343,0.995,0.005,1.0
2025-12-10T22:30:30.220753,0.995,0.005,1.0
2025-12-10T22:30:29.252928,0.995,0.005,1.0
2025-12-10T22:30:29.908788,0.995,0.005,1.0
2025-12-10T22:30:30.538018,0.995,0.005,1.0
2025-12-10T22:30:31.199686,0.995,0.005,1.0
2025-12-10T22:30:31.842369,0.995,0.005,1.0
2025-12-10T22:30:32.495204,0.995,0.005,1.0
2025-12-10T22:30:33.149928,0.995,0.005,1.0
2025-12-10T22:30:33.806258,0.995,0.005,1.0
2025-12-10T22:30:34.516167,0.995,0.005,1.0
2025-12-10T22:30:35.132756,0.995,0.005,1.0
2025-12-10T22:30:35.778521,0.995,0.005,1.0
2025-12-10T22:30:36.403593,0.995,0.005,1.0
2025-12-10T22:30:37.042507,0.995,0.005,1.0
2025-12-10T22:30:37.676406,0.995,0.005,1.0
2025-12-10T22:30:38.318516,0.995,0.005,1.0
2025-12-10T22:30:38.956726,0.995,0.005,1.0
2025-12-10T22:30:39.650645,0.995,0.005,1.0
2025-12-10T22:30:40.283756,0.995,0.005,1.0
2025-12-10T22:30:40.923558,0.995,0.005,1.0
2025-12-10T22:30:41.569676,0.995,0.005,1.0
2025-12-10T22:30:42.185101,0.995,0.005,1.0
2025-12-10T22:30:42.812985,0.995,0.005,1.0
2025-12-10T22:30:43.435875,0.995,0.005,1.0
2025-12-10T22:30:44.070406,0.995,0.005,1.0
2025-12-10T22:30:44.712502,0.995,0.005,1.0
2025-12-10T22:30:45.334024,0.995,0.005,1.0
2025-12-10T22:30:45.946535,0.995,0.005,1.0
2025-12-10T22:30:46.574386,0.995,0.005,1.0
2025-12-10T22:30:47.187311,0.995,0.005,1.0
2025-12-10T22:30:47.808749,0.995,0.005,1.0
2025-12-10T22:30:48.486644,0.995,0.005,1.0
2025-12-10T22:30:49.192162,0.995,0.005,1.0
2025-12-10T22:30:49.823485,0.995,0.005,1.0
2025-12-10T22:30:50.513853,0.995,0.005,1.0
2025-12-10T22:30:51.149896,0.995,0.005,1.0
2025-12-10T22:30:51.779730,0.995,0.005,1.0
2025-12-10T22:30:52.401090,0.995,0.005,1.0
2025-12-10T22:30:53.031615,0.995,0.005,1.0
2025-12-10T22:30:53.659675,0.995,0.005,1.0
2025-12-10T22:30:54.298335,0.995,0.005,1.0
2025-12-10T22:30:54.975172,0.995,0.005,1.0
2025-12-10T22:30:55.628286,0.995,0.005,1.0
2025-12-10T22:30:56.271438,0.995,0.005,1.0
2025-12-10T22:30:56.905534,0.995,0.005,1.0
2025-12-10T22:30:57.538346,0.995,0.005,1.0
2025-12-10T22:30:58.188401,0.995,0.005,1.0
2025-12-10T22:30:58.846846,0.995,0.005,1.0
2025-12-10T22:30:59.466024,0.995,0.005,1.0
2025-12-10T22:31:00.200004,0.995,0.5,1.495
