timestamp,price_yes,price_no,sum_prices
2025-12-10T21:31:00.923841,0.675,0.32,0.9950000000000001
2025-12-10T21:31:01.606451,0.685,0.315,1.0
2025-12-10T21:31:02.264708,0.665,0.345,1.01
2025-12-10T21:31:03.005727,0.635,0.365,1.0
2025-12-10T21:31:03.772455,0.645,0.355,1.0
2025-12-10T21:31:04.431317,0.665,0.335,1.0
2025-12-10T21:31:05.152976,0.655,0.345,1.0
2025-12-10T21:31:05.787279,0.655,0.335,0.99
2025-12-10T21:31:06.469898,0.64,0.36,1.0
2025-12-10T21:31:07.228852,0.64,0.36,1.0
2025-12-10T21:31:07.859003,0.64,0.36,1.0
2025-12-10T21:31:08.502854,0.635,0.365,1.0
2025-12-10T21:31:09.181986,0.625,0.375,1.0
2025-12-10T21:31:09.808159,0.62,0.38,1.0
2025-12-10T21:31:10.452137,0.615,0.375,0.99
2025-12-10T21:31:11.167349,0.605,0.39,0.995
2025-12-10T21:31:11.860286,0.605,0.395,1.0
2025-12-10T21:31:12.689881,0.625,0.375,1.0
2025-12-10T21:31:13.401638,0.615,0.38,0.995
2025-12-10T21:31:14.245514,0.625,0.37,0.995
2025-12-10T21:31:14.873909,0.635,0.355,0.99
2025-12-10T21:31:15.540966,0.645,0.355,1.0
2025-12-10T21:31:16.234953,0.65,0.345,0.995
2025-12-10T21:31:16.894483,0.645,0.355,1.0
2025-12-10T21:31:17.546139,0.635,0.365,1.0
2025-12-10T21:31:18.257437,0.625,0.375,1.0
2025-12-10T21:31:18.976932,0.63,0.37,1.0
2025-12-10T21:31:19.616391,0.625,0.375,1.0
2025-12-10T21:31:20.256433,0.625,0.375,1.0
2025-12-10T21:31:20.927479,0.635,0.365,1.0
2025-12-10T21:31:21.598877,0.625,0.375,1.0
2025-12-10T21:31:22.357028,0.625,0.375,1.0
2025-12-10T21:31:23.020931,0.625,0.375,1.0
2025-12-10T21:31:23.699840,0.615,0.385,1.0
2025-12-10T21:31:24.385682,0.61,0.395,1.005
2025-12-10T21:31:23.394940,0.605,0.395,1.0
2025-12-10T21:31:24.038318,0.605,0.395,1.0
2025-12-10T21:31:24.703141,0.605,0.395,1.0
2025-12-10T21:31:25.443225,0.585,0.415,1.0
2025-12-10T21:31:26.060546,0.565,0.435,1.0
2025-12-10T21:31:26.695370,0.555,0.445,1.0
2025-12-10T21:31:27.373391,0.555,0.445,1.0
2025-12-10T21:31:28.025127,0.545,0.455,1.0
2025-12-10T21:31:28.726197,0.545,0.455,1.0
2025-12-10T21:31:29.396745,0.545,0.455,1.0
2025-12-10T21:31:30.058861,0.545,0.455,1.0
2025-12-10T21:31:30.756037,0.565,0.435,1.0
2025-12-10T21:31:31.492304,0.555,0.445,1.0
2025-12-10T21:31:32.177364,0.545,0.455,1.0
2025-12-10T21:31:32.917729,0.555,0.445,1.0
2025-12-10T21:31:33.636612,0.565,0.435,1.0
2025-12-10T21:31:34.347324,0.565,0.435,1.0
2025-12-10T21:31:34.995329,0.57,0.43,1.0
2025-12-10T21:31:35.669684,0.555,0.445,1.0
2025-12-10T21:31:36.367782,0.555,0.45,1.0050000000000001
2025-12-10T21:31:37.067026,0.545,0.46,1.0050000000000001
2025-12-10T21:31:37.705042,0.54,0.46,1.0
2025-12-10T21:31:38.483950,0.545,0.455,1.0
2025-12-10T21:31:39.191450,0.54,0.46,1.0
2025-12-10T21:31:39.906402,0.545,0.45,0.9950000000000001
2025-12-10T21:31:40.602775,0.545,0.455,1.0
2025-12-10T21:31:41.241722,0.545,0.445,0.99
2025-12-10T21:31:41.904775,0.555,0.445,1.0
2025-12-10T21:31:42.558014,0.565,0.435,1.0
2025-12-10T21:31:43.206630,0.555,0.445,1.0
2025-12-10T21:31:43.821439,0.535,0.465,1.0
2025-12-10T21:31:44.550693,0.525,0.475,1.0
2025-12-10T21:31:45.275400,0.52,0.485,1.005
2025-12-10T21:31:45.948824,0.515,0.485,1.0
2025-12-10T21:31:46.625471,0.515,0.485,1.0
2025-12-10T21:31:47.306246,0.515,0.485,1.0
2025-12-10T21:31:47.983643,0.525,0.475,1.0
2025-12-10T21:31:48.650372,0.525,0.475,1.0
2025-12-10T21:31:49.326875,0.515,0.485,1.0
2025-12-10T21:31:49.980140,0.515,0.485,1.0
2025-12-10T21:31:50.619607,0.505,0.495,1.0
2025-12-10T21:31:51.241432,0.505,0.495,1.0
2025-12-10T21:31:51.931397,0.495,0.505,1.0
2025-12-10T21:31:52.689852,0.505,0.495,1.0
2025-12-10T21:31:53.408667,0.485,0.515,1.0
2025-12-10T21:31:54.099992,0.475,0.525,1.0
2025-12-10T21:31:54.783290,0.465,0.535,1.0
2025-12-10T21:31:55.438763,0.455,0.545,1.0
2025-12-10T21:31:54.458920,0.455,0.545,1.0
2025-12-10T21:31:55.165673,0.445,0.555,1.0
2025-12-10T21:31:55.844013,0.435,0.565,1.0
2025-12-10T21:31:56.467297,0.435,0.565,1.0
2025-12-10T21:31:57.101331,0.435,0.565,1.0
2025-12-10T21:31:57.772585,0.445,0.555,1.0
2025-12-10T21:31:58.432767,0.445,0.56,1.0050000000000001
2025-12-10T21:31:59.184287,0.435,0.565,1.0
2025-12-10T21:32:00.060177,0.445,0.555,1.0
2025-12-10T21:32:00.765916,0.425,0.575,1.0
2025-12-10T21:32:01.394565,0.415,0.585,1.0
2025-12-10T21:32:02.071663,0.405,0.595,1.0
2025-12-10T21:32:02.847469,0.39,0.615,1.005
2025-12-10T21:32:03.550111,0.375,0.625,1.0
2025-12-10T21:32:04.208785,0.41,0.59,1.0
2025-12-10T21:32:04.884297,0.415,0.585,1.0
2025-12-10T21:32:05.567263,0.405,0.595,1.0
2025-12-10T21:32:06.222027,0.41,0.595,1.005
2025-12-10T21:32:06.927122,0.39,0.615,1.005
2025-12-10T21:32:07.608863,0.375,0.625,1.0
2025-12-10T21:32:08.294061,0.385,0.615,1.0
2025-12-10T21:32:08.943927,0.375,0.625,1.0
2025-12-10T21:32:09.573887,0.385,0.62,1.005
2025-12-10T21:32:10.234122,0.365,0.635,1.0
2025-12-10T21:32:10.917620,0.365,0.635,1.0
2025-12-10T21:32:11.587816,0.375,0.625,1.0
2025-12-10T21:32:12.275171,0.395,0.61,1.005
2025-12-10T21:32:12.952825,0.405,0.595,1.0
2025-12-10T21:32:13.641042,0.405,0.595,1.0
2025-12-10T21:32:14.697981,0.415,0.595,1.01
2025-12-10T21:32:15.390871,0.4,0.6,1.0
2025-12-10T21:32:16.046753,0.4,0.6,1.0
2025-12-10T21:32:16.728738,0.385,0.615,1.0
2025-12-10T21:32:17.474601,0.36,0.635,0.995
2025-12-10T21:32:18.190242,0.345,0.655,1.0
2025-12-10T21:32:18.891256,0.355,0.64,0.995
2025-12-10T21:32:19.591950,0.36,0.645,1.005
2025-12-10T21:32:20.206751,0.35,0.655,1.005
2025-12-10T21:32:20.883332,0.35,0.65,1.0
2025-12-10T21:32:21.524409,0.37,0.635,1.005
2025-12-10T21:32:22.192829,0.355,0.645,1.0
2025-12-10T21:32:22.882433,0.345,0.655,1.0
2025-12-10T21:32:23.524372,0.335,0.67,1.0050000000000001
2025-12-10T21:32:24.193393,0.325,0.675,1.0
2025-12-10T21:32:24.840687,0.32,0.68,1.0
2025-12-10T21:32:25.555181,0.305,0.695,1.0
2025-12-10T21:32:24.506094,0.325,0.685,1.01
2025-12-10T21:32:25.164298,0.315,0.685,1.0
2025-12-10T21:32:25.852524,0.32,0.68,1.0
2025-12-10T21:32:26.521239,0.325,0.675,1.0
2025-12-10T21:32:27.136511,0.32,0.68,1.0
2025-12-10T21:32:27.826030,0.325,0.68,1.0050000000000001
2025-12-10T21:32:28.505466,0.305,0.695,1.0
2025-12-10T21:32:29.203989,0.305,0.695,1.0
2025-12-10T21:32:30.114031,0.33,0.675,1.0050000000000001
2025-12-10T21:32:30.741212,0.325,0.675,1.0
2025-12-10T21:32:31.439136,0.33,0.66,0.99
2025-12-10T21:32:32.180792,0.33,0.67,1.0
2025-12-10T21:32:32.853047,0.32,0.68,1.0
2025-12-10T21:32:33.535006,0.335,0.665,1.0
2025-12-10T21:32:34.183596,0.335,0.665,1.0
2025-12-10T21:32:34.849812,0.345,0.655,1.0
2025-12-10T21:32:35.495756,0.345,0.655,1.0
2025-12-10T21:32:36.172287,0.345,0.655,1.0
2025-12-10T21:32:36.816589,0.35,0.655,1.005
2025-12-10T21:32:37.471227,0.335,0.675,1.01
2025-12-10T21:32:38.101922,0.325,0.675,1.0
2025-12-10T21:32:38.756227,0.345,0.655,1.0
2025-12-10T21:32:39.410142,0.355,0.645,1.0
2025-12-10T21:32:40.039162,0.365,0.635,1.0
2025-12-10T21:32:40.710528,0.375,0.625,1.0
2025-12-10T21:32:41.360455,0.365,0.635,1.0
2025-12-10T21:32:41.987851,0.36,0.64,1.0
2025-12-10T21:32:42.644957,0.365,0.63,0.995
2025-12-10T21:32:43.315267,0.375,0.625,1.0
2025-12-10T21:32:43.997285,0.395,0.605,1.0
2025-12-10T21:32:44.669920,0.395,0.605,1.0
2025-12-10T21:32:45.347248,0.415,0.585,1.0
2025-12-10T21:32:45.969944,0.425,0.575,1.0
2025-12-10T21:32:46.582879,0.425,0.575,1.0
2025-12-10T21:32:47.232028,0.435,0.565,1.0
2025-12-10T21:32:47.856494,0.435,0.565,1.0
2025-12-10T21:32:48.530013,0.425,0.575,1.0
2025-12-10T21:32:49.209013,0.425,0.575,1.0
2025-12-10T21:32:49.862129,0.445,0.555,1.0
2025-12-10T21:32:50.523016,0.445,0.555,1.0
2025-12-10T21:32:51.158848,0.455,0.545,1.0
2025-12-10T21:32:51.821871,0.475,0.525,1.0
2025-12-10T21:32:52.519339,0.475,0.525,1.0
2025-12-10T21:32:53.184029,0.485,0.515,1.0
2025-12-10T21:32:53.857635,0.505,0.495,1.0
2025-12-10T21:32:54.630253,0.5,0.515,1.0150000000000001
2025-12-10T21:32:55.447484,0.475,0.52,0.995
2025-12-10T21:32:56.121169,0.485,0.515,1.0
2025-12-10T21:32:55.100271,0.49,0.515,1.005
2025-12-10T21:32:55.746750,0.485,0.525,1.01
2025-12-10T21:32:56.376400,0.485,0.515,1.0
2025-12-10T21:32:57.057958,0.485,0.515,1.0
2025-12-10T21:32:57.691001,0.485,0.515,1.0
2025-12-10T21:32:58.326774,0.485,0.515,1.0
2025-12-10T21:32:58.996362,0.49,0.51,1.0
2025-12-10T21:32:59.640111,0.495,0.505,1.0
2025-12-10T21:33:00.272678,0.495,0.5,0.995
2025-12-10T21:33:00.913825,0.5,0.5,1.0
2025-12-10T21:33:01.575124,0.505,0.495,1.0
2025-12-10T21:33:02.270586,0.485,0.52,1.005
2025-12-10T21:33:03.029315,0.475,0.525,1.0
2025-12-10T21:33:03.694436,0.465,0.535,1.0
2025-12-10T21:33:04.363477,0.455,0.545,1.0
2025-12-10T21:33:05.148529,0.455,0.545,1.0
2025-12-10T21:33:05.791614,0.455,0.545,1.0
2025-12-10T21:33:06.446235,0.455,0.545,1.0
2025-12-10T21:33:07.089026,0.475,0.525,1.0
2025-12-10T21:33:07.714265,0.475,0.525,1.0
2025-12-10T21:33:08.367569,0.475,0.515,0.99
2025-12-10T21:33:08.993887,0.48,0.52,1.0
2025-12-10T21:33:09.623440,0.475,0.525,1.0
2025-12-10T21:33:10.264846,0.48,0.52,1.0
2025-12-10T21:33:10.921865,0.475,0.525,1.0
2025-12-10T21:33:11.550448,0.475,0.525,1.0
2025-12-10T21:33:12.185110,0.48,0.52,1.0
2025-12-10T21:33:12.820795,0.465,0.535,1.0
2025-12-10T21:33:13.442980,0.455,0.545,1.0
2025-12-10T21:33:14.172654,0.45,0.555,1.0050000000000001
2025-12-10T21:33:14.797113,0.445,0.565,1.01
2025-12-10T21:33:15.467033,0.435,0.565,1.0
2025-12-10T21:33:16.130164,0.445,0.55,0.9950000000000001
2025-12-10T21:33:16.814854,0.455,0.545,1.0
2025-12-10T21:33:17.455755,0.485,0.52,1.005
2025-12-10T21:33:18.115138,0.475,0.525,1.0
2025-12-10T21:33:18.738393,0.48,0.52,1.0
2025-12-10T21:33:19.371791,0.475,0.525,1.0
2025-12-10T21:33:20.020008,0.485,0.515,1.0
2025-12-10T21:33:20.663744,0.485,0.515,1.0
2025-12-10T21:33:21.334507,0.495,0.505,1.0
2025-12-10T21:33:21.983610,0.485,0.515,1.0
2025-12-10T21:33:22.610356,0.475,0.53,1.005
2025-12-10T21:33:23.250546,0.465,0.535,1.0
2025-12-10T21:33:23.929960,0.47,0.53,1.0
2025-12-10T21:33:24.572094,0.455,0.545,1.0
2025-12-10T21:33:25.232635,0.455,0.545,1.0
2025-12-10T21:33:25.863140,0.445,0.555,1.0
2025-12-10T21:33:26.480669,0.435,0.565,1.0
2025-12-10T21:33:27.158456,0.425,0.575,1.0
2025-12-10T21:33:26.120535,0.415,0.585,1.0
2025-12-10T21:33:26.746941,0.41,0.59,1.0
2025-12-10T21:33:27.392927,0.415,0.585,1.0
2025-12-10T21:33:28.045668,0.425,0.575,1.0
2025-12-10T21:33:28.671359,0.425,0.575,1.0
2025-12-10T21:33:29.324992,0.425,0.575,1.0
2025-12-10T21:33:29.954754,0.44,0.565,1.005
2025-12-10T21:33:30.660493,0.445,0.55,0.9950000000000001
2025-12-10T21:33:31.358288,0.455,0.545,1.0
2025-12-10T21:33:32.022748,0.445,0.555,1.0
2025-12-10T21:33:32.664913,0.435,0.565,1.0
2025-12-10T21:33:33.378524,0.43,0.575,1.005
2025-12-10T21:33:34.024155,0.445,0.555,1.0
2025-12-10T21:33:34.656243,0.445,0.555,1.0
2025-12-10T21:33:35.315549,0.435,0.565,1.0
2025-12-10T21:33:35.938049,0.425,0.575,1.0
2025-12-10T21:33:36.580074,0.415,0.585,1.0
2025-12-10T21:33:37.245753,0.42,0.58,1.0
2025-12-10T21:33:37.926564,0.42,0.58,1.0
2025-12-10T21:33:38.549850,0.43,0.565,0.9949999999999999
2025-12-10T21:33:39.183943,0.445,0.555,1.0
2025-12-10T21:33:39.880342,0.455,0.545,1.0
2025-12-10T21:33:40.511627,0.465,0.535,1.0
2025-12-10T21:33:41.160959,0.475,0.525,1.0
2025-12-10T21:33:41.832547,0.47,0.535,1.005
2025-12-10T21:33:42.506567,0.455,0.545,1.0
2025-12-10T21:33:43.191142,0.445,0.555,1.0
2025-12-10T21:33:43.837262,0.455,0.545,1.0
2025-12-10T21:33:44.469831,0.46,0.535,0.9950000000000001
2025-12-10T21:33:45.109428,0.465,0.53,0.9950000000000001
2025-12-10T21:33:45.783699,0.475,0.525,1.0
2025-12-10T21:33:46.422336,0.475,0.525,1.0
2025-12-10T21:33:47.046065,0.485,0.515,1.0
2025-12-10T21:33:47.782897,0.475,0.515,0.99
2025-12-10T21:33:48.419464,0.485,0.515,1.0
2025-12-10T21:33:49.106096,0.485,0.515,1.0
2025-12-10T21:33:49.745924,0.495,0.505,1.0
2025-12-10T21:33:50.362873,0.495,0.505,1.0
2025-12-10T21:33:50.986339,0.495,0.505,1.0
2025-12-10T21:33:51.631476,0.495,0.505,1.0
2025-12-10T21:33:52.297418,0.485,0.515,1.0
2025-12-10T21:33:52.977530,0.49,0.515,1.005
2025-12-10T21:33:53.596891,0.49,0.51,1.0
2025-12-10T21:33:54.294753,0.49,0.51,1.0
2025-12-10T21:33:55.033922,0.49,0.51,1.0
2025-12-10T21:33:55.699866,0.49,0.51,1.0
2025-12-10T21:33:56.415607,0.495,0.505,1.0
2025-12-10T21:33:57.053682,0.48,0.52,1.0
2025-12-10T21:33:57.736359,0.495,0.505,1.0
2025-12-10T21:33:56.693956,0.495,0.5,0.995
2025-12-10T21:33:57.351343,0.515,0.485,1.0
2025-12-10T21:33:58.024299,0.54,0.46,1.0
2025-12-10T21:33:58.677493,0.54,0.46,1.0
2025-12-10T21:33:59.317126,0.53,0.47,1.0
2025-12-10T21:33:59.964688,0.53,0.47,1.0
2025-12-10T21:34:00.635900,0.525,0.475,1.0
2025-12-10T21:34:01.316653,0.52,0.48,1.0
2025-12-10T21:34:01.990086,0.535,0.465,1.0
2025-12-10T21:34:02.656786,0.545,0.455,1.0
2025-12-10T21:34:03.339089,0.555,0.445,1.0
2025-12-10T21:34:04.026182,0.555,0.445,1.0
2025-12-10T21:34:04.751692,0.565,0.435,1.0
2025-12-10T21:34:05.392207,0.575,0.425,1.0
2025-12-10T21:34:06.043223,0.575,0.425,1.0
2025-12-10T21:34:06.701510,0.575,0.425,1.0
2025-12-10T21:34:07.392466,0.575,0.415,0.99
2025-12-10T21:34:08.059576,0.56,0.44,1.0
2025-12-10T21:34:08.687967,0.535,0.465,1.0
2025-12-10T21:34:09.310212,0.545,0.455,1.0
2025-12-10T21:34:09.939552,0.555,0.445,1.0
2025-12-10T21:34:10.573733,0.565,0.435,1.0
2025-12-10T21:34:11.215148,0.575,0.425,1.0
2025-12-10T21:34:11.857628,0.575,0.425,1.0
2025-12-10T21:34:12.545466,0.59,0.41,1.0
2025-12-10T21:34:13.202183,0.595,0.405,1.0
2025-12-10T21:34:13.880198,0.59,0.415,1.005
2025-12-10T21:34:14.516102,0.595,0.405,1.0
2025-12-10T21:34:15.229824,0.605,0.395,1.0
2025-12-10T21:34:15.848250,0.585,0.415,1.0
2025-12-10T21:34:16.506907,0.585,0.415,1.0
2025-12-10T21:34:17.172863,0.59,0.41,1.0
2025-12-10T21:34:17.827359,0.595,0.395,0.99
2025-12-10T21:34:18.492458,0.605,0.405,1.01
2025-12-10T21:34:19.129041,0.595,0.405,1.0
2025-12-10T21:34:19.744202,0.615,0.385,1.0
2025-12-10T21:34:20.376316,0.615,0.385,1.0
2025-12-10T21:34:21.081542,0.625,0.375,1.0
2025-12-10T21:34:21.695995,0.625,0.375,1.0
2025-12-10T21:34:22.337267,0.605,0.395,1.0
2025-12-10T21:34:22.973230,0.605,0.385,0.99
2025-12-10T21:34:23.614043,0.595,0.405,1.0
2025-12-10T21:34:24.245212,0.585,0.415,1.0
2025-12-10T21:34:24.909111,0.595,0.405,1.0
2025-12-10T21:34:25.587696,0.605,0.395,1.0
2025-12-10T21:34:26.271411,0.635,0.365,1.0
2025-12-10T21:34:26.921903,0.645,0.355,1.0
2025-12-10T21:34:27.585796,0.66,0.34,1.0
2025-12-10T21:34:28.278569,0.655,0.345,1.0
2025-12-10T21:34:27.240416,0.64,0.365,1.005
2025-12-10T21:34:27.880485,0.635,0.365,1.0
2025-12-10T21:34:28.551232,0.635,0.365,1.0
2025-12-10T21:34:29.264420,0.645,0.355,1.0
2025-12-10T21:34:29.932042,0.645,0.355,1.0
2025-12-10T21:34:30.585771,0.645,0.355,1.0
2025-12-10T21:34:31.273335,0.645,0.35,0.995
2025-12-10T21:34:32.018695,0.665,0.335,1.0
2025-12-10T21:34:32.833387,0.665,0.335,1.0
2025-12-10T21:34:33.538310,0.67,0.335,1.0050000000000001
2025-12-10T21:34:34.230052,0.665,0.335,1.0
2025-12-10T21:34:35.013214,0.665,0.335,1.0
2025-12-10T21:34:35.743339,0.665,0.335,1.0
2025-12-10T21:34:36.457371,0.655,0.345,1.0
2025-12-10T21:34:37.139722,0.655,0.345,1.0
2025-12-10T21:34:37.769692,0.645,0.355,1.0
2025-12-10T21:34:38.403022,0.655,0.345,1.0
2025-12-10T21:34:39.079691,0.66,0.34,1.0
2025-12-10T21:34:39.756362,0.66,0.34,1.0
2025-12-10T21:34:40.395481,0.655,0.34,0.9950000000000001
2025-12-10T21:34:41.074639,0.675,0.325,1.0
2025-12-10T21:34:41.725899,0.665,0.335,1.0
2025-12-10T21:34:42.416765,0.66,0.335,0.9950000000000001
2025-12-10T21:34:43.102686,0.665,0.33,0.9950000000000001
2025-12-10T21:34:43.902000,0.685,0.315,1.0
2025-12-10T21:34:44.540895,0.675,0.325,1.0
2025-12-10T21:34:45.274076,0.675,0.33,1.0050000000000001
2025-12-10T21:34:45.893904,0.67,0.33,1.0
2025-12-10T21:34:46.553905,0.675,0.325,1.0
2025-12-10T21:34:47.285310,0.685,0.315,1.0
2025-12-10T21:34:48.006083,0.695,0.305,1.0
2025-12-10T21:34:48.689729,0.69,0.31,1.0
2025-12-10T21:34:49.376337,0.695,0.305,1.0
2025-12-10T21:34:50.061485,0.685,0.31,0.9950000000000001
2025-12-10T21:34:50.760423,0.695,0.305,1.0
2025-12-10T21:34:51.387430,0.71,0.29,1.0
2025-12-10T21:34:52.032138,0.715,0.29,1.005
2025-12-10T21:34:52.701828,0.695,0.305,1.0
2025-12-10T21:34:53.358323,0.71,0.29,1.0
2025-12-10T21:34:53.997138,0.71,0.29,1.0
2025-12-10T21:34:54.720331,0.725,0.275,1.0
2025-12-10T21:34:55.453996,0.705,0.295,1.0
2025-12-10T21:34:56.122119,0.705,0.295,1.0
2025-12-10T21:34:56.848253,0.705,0.295,1.0
2025-12-10T21:34:57.536018,0.695,0.305,1.0
2025-12-10T21:34:58.180355,0.685,0.315,1.0
2025-12-10T21:34:58.841463,0.665,0.33,0.9950000000000001
2025-12-10T21:34:57.881758,0.675,0.325,1.0
2025-12-10T21:34:58.544807,0.665,0.335,1.0
2025-12-10T21:34:59.172962,0.665,0.335,1.0
2025-12-10T21:34:59.791827,0.67,0.33,1.0
2025-12-10T21:35:00.474522,0.675,0.325,1.0
2025-12-10T21:35:01.123770,0.685,0.315,1.0
2025-12-10T21:35:01.745200,0.675,0.325,1.0
2025-12-10T21:35:02.369731,0.675,0.33,1.0050000000000001
2025-12-10T21:35:03.048902,0.685,0.325,1.01
2025-12-10T21:35:03.687469,0.685,0.315,1.0
2025-12-10T21:35:04.381058,0.695,0.305,1.0
2025-12-10T21:35:04.999111,0.695,0.295,0.99
2025-12-10T21:35:05.656386,0.715,0.285,1.0
2025-12-10T21:35:06.279049,0.715,0.285,1.0
2025-12-10T21:35:07.019014,0.705,0.33,1.035
2025-12-10T21:35:07.643837,0.665,0.335,1.0
2025-12-10T21:35:08.262973,0.655,0.345,1.0
2025-12-10T21:35:08.902358,0.675,0.325,1.0
2025-12-10T21:35:09.543121,0.67,0.33,1.0
2025-12-10T21:35:10.209146,0.69,0.31,1.0
2025-12-10T21:35:10.840931,0.69,0.305,0.9949999999999999
2025-12-10T21:35:11.469876,0.685,0.31,0.9950000000000001
2025-12-10T21:35:12.149438,0.695,0.305,1.0
2025-12-10T21:35:12.793979,0.71,0.29,1.0
2025-12-10T21:35:13.468874,0.68,0.325,1.0050000000000001
2025-12-10T21:35:14.127376,0.675,0.325,1.0
2025-12-10T21:35:14.808512,0.68,0.32,1.0
2025-12-10T21:35:15.475579,0.68,0.32,1.0
2025-12-10T21:35:16.109657,0.695,0.305,1.0
2025-12-10T21:35:16.739877,0.695,0.31,1.005
2025-12-10T21:35:17.398155,0.675,0.33,1.0050000000000001
2025-12-10T21:35:18.058902,0.645,0.36,1.005
2025-12-10T21:35:18.734474,0.62,0.38,1.0
2025-12-10T21:35:19.377999,0.635,0.37,1.005
2025-12-10T21:35:20.052618,0.635,0.37,1.005
2025-12-10T21:35:20.716252,0.63,0.365,0.995
2025-12-10T21:35:21.412741,0.635,0.36,0.995
2025-12-10T21:35:22.063928,0.645,0.355,1.0
2025-12-10T21:35:22.732134,0.63,0.375,1.005
2025-12-10T21:35:23.400425,0.625,0.375,1.0
2025-12-10T21:35:24.060456,0.645,0.355,1.0
2025-12-10T21:35:24.727603,0.65,0.35,1.0
2025-12-10T21:35:25.407237,0.655,0.335,0.99
2025-12-10T21:35:26.082725,0.675,0.325,1.0
2025-12-10T21:35:26.709123,0.675,0.325,1.0
2025-12-10T21:35:27.378872,0.655,0.335,0.99
2025-12-10T21:35:28.004666,0.655,0.345,1.0
2025-12-10T21:35:28.627053,0.665,0.335,1.0
2025-12-10T21:35:29.278819,0.675,0.325,1.0
2025-12-10T21:35:28.344170,0.68,0.32,1.0
2025-12-10T21:35:29.006025,0.675,0.325,1.0
2025-12-10T21:35:29.633210,0.695,0.315,1.01
2025-12-10T21:35:30.254675,0.685,0.315,1.0
2025-12-10T21:35:30.938587,0.695,0.305,1.0
2025-12-10T21:35:31.595326,0.7,0.3,1.0
2025-12-10T21:35:32.218289,0.665,0.335,1.0
2025-12-10T21:35:32.863784,0.675,0.33,1.0050000000000001
2025-12-10T21:35:33.546989,0.675,0.325,1.0
2025-12-10T21:35:34.500564,0.68,0.325,1.0050000000000001
2025-12-10T21:35:35.167031,0.68,0.315,0.9950000000000001
2025-12-10T21:35:35.813475,0.685,0.315,1.0
2025-12-10T21:35:36.459907,0.695,0.305,1.0
2025-12-10T21:35:37.085736,0.705,0.295,1.0
2025-12-10T21:35:37.704100,0.705,0.295,1.0
2025-12-10T21:35:38.358739,0.715,0.285,1.0
2025-12-10T21:35:39.052134,0.715,0.285,1.0
2025-12-10T21:35:39.791563,0.725,0.275,1.0
2025-12-10T21:35:40.466659,0.725,0.275,1.0
2025-12-10T21:35:41.084457,0.71,0.29,1.0
2025-12-10T21:35:41.721268,0.685,0.315,1.0
2025-12-10T21:35:42.475626,0.685,0.315,1.0
2025-12-10T21:35:43.171084,0.675,0.325,1.0
2025-12-10T21:35:43.855741,0.675,0.325,1.0
2025-12-10T21:35:44.542236,0.675,0.325,1.0
2025-12-10T21:35:45.158293,0.675,0.325,1.0
2025-12-10T21:35:45.785837,0.675,0.325,1.0
2025-12-10T21:35:46.464611,0.68,0.32,1.0
2025-12-10T21:35:47.077518,0.685,0.32,1.0050000000000001
2025-12-10T21:35:47.779012,0.675,0.33,1.0050000000000001
2025-12-10T21:35:48.446012,0.655,0.345,1.0
2025-12-10T21:35:49.129005,0.635,0.365,1.0
2025-12-10T21:35:49.792575,0.63,0.375,1.005
2025-12-10T21:35:50.544185,0.63,0.37,1.0
2025-12-10T21:35:51.185285,0.625,0.375,1.0
2025-12-10T21:35:51.794418,0.62,0.38,1.0
2025-12-10T21:35:52.430602,0.615,0.385,1.0
2025-12-10T21:35:53.058140,0.615,0.385,1.0
2025-12-10T21:35:53.692001,0.595,0.405,1.0
2025-12-10T21:35:54.329881,0.595,0.405,1.0
2025-12-10T21:35:54.983815,0.585,0.415,1.0
2025-12-10T21:35:55.645853,0.585,0.415,1.0
2025-12-10T21:35:56.284172,0.585,0.415,1.0
2025-12-10T21:35:56.926179,0.575,0.425,1.0
2025-12-10T21:35:57.625257,0.56,0.44,1.0
2025-12-10T21:35:58.274132,0.57,0.435,1.005
2025-12-10T21:35:58.989697,0.56,0.435,0.9950000000000001
2025-12-10T21:35:59.665711,0.555,0.445,1.0
2025-12-10T21:35:58.780965,0.575,0.425,1.0
2025-12-10T21:35:59.437585,0.575,0.425,1.0
2025-12-10T21:36:00.100191,0.575,0.425,1.0
2025-12-10T21:36:00.853798,0.575,0.425,1.0
2025-12-10T21:36:01.486922,0.575,0.425,1.0
2025-12-10T21:36:02.108060,0.525,0.475,1.0
2025-12-10T21:36:02.824482,0.495,0.5,0.995
2025-12-10T21:36:03.514533,0.495,0.505,1.0
2025-12-10T21:36:04.182973,0.505,0.495,1.0
2025-12-10T21:36:04.984127,0.505,0.495,1.0
2025-12-10T21:36:05.682427,0.505,0.495,1.0
2025-12-10T21:36:06.359735,0.515,0.485,1.0
2025-12-10T21:36:07.031294,0.535,0.465,1.0
2025-12-10T21:36:07.715135,0.53,0.475,1.005
2025-12-10T21:36:08.415502,0.525,0.475,1.0
2025-12-10T21:36:09.093317,0.515,0.5,1.0150000000000001
2025-12-10T21:36:09.780168,0.495,0.505,1.0
2025-12-10T21:36:10.428055,0.485,0.505,0.99
2025-12-10T21:36:11.125328,0.495,0.495,0.99
2025-12-10T21:36:11.808007,0.515,0.485,1.0
2025-12-10T21:36:12.451001,0.525,0.475,1.0
2025-12-10T21:36:13.132792,0.525,0.475,1.0
2025-12-10T21:36:13.748245,0.49,0.515,1.005
2025-12-10T21:36:14.410585,0.475,0.525,1.0
2025-12-10T21:36:15.048862,0.475,0.525,1.0
2025-12-10T21:36:15.686365,0.505,0.485,0.99
2025-12-10T21:36:16.302304,0.52,0.48,1.0
2025-12-10T21:36:16.954160,0.515,0.485,1.0
2025-12-10T21:36:17.633210,0.525,0.475,1.0
2025-12-10T21:36:18.319449,0.545,0.45,0.9950000000000001
2025-12-10T21:36:18.947748,0.525,0.475,1.0
2025-12-10T21:36:19.594359,0.54,0.455,0.9950000000000001
2025-12-10T21:36:20.254940,0.55,0.445,0.9950000000000001
2025-12-10T21:36:20.924076,0.555,0.445,1.0
2025-12-10T21:36:21.551948,0.555,0.445,1.0
2025-12-10T21:36:22.189395,0.555,0.445,1.0
2025-12-10T21:36:22.812079,0.55,0.445,0.9950000000000001
2025-12-10T21:36:23.444618,0.555,0.445,1.0
2025-12-10T21:36:24.092900,0.555,0.445,1.0
2025-12-10T21:36:24.721364,0.575,0.425,1.0
2025-12-10T21:36:25.394622,0.585,0.415,1.0
2025-12-10T21:36:26.075568,0.585,0.415,1.0
2025-12-10T21:36:26.734916,0.59,0.405,0.995
2025-12-10T21:36:27.418481,0.595,0.405,1.0
2025-12-10T21:36:28.101874,0.595,0.415,1.01
2025-12-10T21:36:28.774177,0.585,0.42,1.005
2025-12-10T21:36:29.479530,0.555,0.455,1.01
2025-12-10T21:36:30.293293,0.545,0.455,1.0
2025-12-10T21:36:29.292654,0.555,0.445,1.0
2025-12-10T21:36:30.016310,0.56,0.435,0.9950000000000001
2025-12-10T21:36:30.752688,0.565,0.43,0.9949999999999999
2025-12-10T21:36:31.414872,0.57,0.43,1.0
2025-12-10T21:36:32.149651,0.58,0.415,0.9949999999999999
2025-12-10T21:36:32.856060,0.59,0.405,0.995
2025-12-10T21:36:33.683772,0.59,0.41,1.0
2025-12-10T21:36:34.358517,0.59,0.41,1.0
2025-12-10T21:36:34.981496,0.595,0.405,1.0
2025-12-10T21:36:35.603129,0.585,0.425,1.01
2025-12-10T21:36:36.338378,0.565,0.435,1.0
2025-12-10T21:36:37.091653,0.575,0.425,1.0
2025-12-10T21:36:37.761981,0.595,0.405,1.0
2025-12-10T21:36:38.424431,0.595,0.405,1.0
2025-12-10T21:36:39.067604,0.595,0.405,1.0
2025-12-10T21:36:39.740376,0.585,0.42,1.005
2025-12-10T21:36:40.394796,0.575,0.425,1.0
2025-12-10T21:36:41.045985,0.575,0.425,1.0
2025-12-10T21:36:41.658521,0.575,0.425,1.0
2025-12-10T21:36:42.318544,0.575,0.43,1.005
2025-12-10T21:36:43.111124,0.56,0.455,1.0150000000000001
2025-12-10T21:36:43.767722,0.545,0.455,1.0
2025-12-10T21:36:44.436808,0.525,0.475,1.0
2025-12-10T21:36:45.075998,0.535,0.465,1.0
2025-12-10T21:36:45.816436,0.545,0.46,1.0050000000000001
2025-12-10T21:36:46.470000,0.545,0.455,1.0
2025-12-10T21:36:47.118362,0.545,0.455,1.0
2025-12-10T21:36:47.810924,0.555,0.445,1.0
2025-12-10T21:36:48.470362,0.555,0.445,1.0
2025-12-10T21:36:49.106271,0.545,0.455,1.0
2025-12-10T21:36:49.760326,0.545,0.455,1.0
2025-12-10T21:36:50.384124,0.555,0.435,0.99
2025-12-10T21:36:51.023989,0.555,0.445,1.0
2025-12-10T21:36:51.773295,0.555,0.445,1.0
2025-12-10T21:36:52.391833,0.555,0.445,1.0
2025-12-10T21:36:53.042165,0.565,0.435,1.0
2025-12-10T21:36:53.772757,0.585,0.415,1.0
2025-12-10T21:36:54.466069,0.585,0.415,1.0
2025-12-10T21:36:55.121836,0.595,0.405,1.0
2025-12-10T21:36:55.772227,0.605,0.395,1.0
2025-12-10T21:36:56.480928,0.6,0.405,1.005
2025-12-10T21:36:57.138181,0.595,0.405,1.0
2025-12-10T21:36:57.777952,0.595,0.395,0.99
2025-12-10T21:36:58.534255,0.605,0.405,1.01
2025-12-10T21:36:59.213495,0.575,0.425,1.0
2025-12-10T21:36:59.902907,0.565,0.435,1.0
2025-12-10T21:37:00.606107,0.575,0.425,1.0
2025-12-10T21:36:59.620063,0.59,0.41,1.0
2025-12-10T21:37:00.248753,0.585,0.415,1.0
2025-12-10T21:37:00.896282,0.565,0.435,1.0
2025-12-10T21:37:01.540600,0.545,0.455,1.0
2025-12-10T21:37:02.278499,0.53,0.48,1.01
2025-12-10T21:37:02.931951,0.505,0.485,0.99
2025-12-10T21:37:03.588454,0.515,0.485,1.0
2025-12-10T21:37:04.205375,0.515,0.485,1.0
2025-12-10T21:37:04.884974,0.53,0.47,1.0
2025-12-10T21:37:05.519630,0.525,0.475,1.0
2025-12-10T21:37:06.185631,0.525,0.475,1.0
2025-12-10T21:37:06.817710,0.51,0.495,1.005
2025-12-10T21:37:07.472461,0.505,0.495,1.0
2025-12-10T21:37:08.135090,0.52,0.48,1.0
2025-12-10T21:37:08.884941,0.515,0.485,1.0
2025-12-10T21:37:09.516220,0.535,0.465,1.0
2025-12-10T21:37:10.161752,0.535,0.455,0.99
2025-12-10T21:37:10.915657,0.545,0.455,1.0
2025-12-10T21:37:11.620291,0.555,0.445,1.0
2025-12-10T21:37:12.325439,0.535,0.47,1.005
2025-12-10T21:37:13.042982,0.53,0.475,1.005
2025-12-10T21:37:13.668079,0.51,0.495,1.005
2025-12-10T21:37:14.321709,0.495,0.505,1.0
2025-12-10T21:37:14.963482,0.485,0.515,1.0
2025-12-10T21:37:15.599400,0.495,0.505,1.0
2025-12-10T21:37:16.272125,0.505,0.495,1.0
2025-12-10T21:37:16.905154,0.52,0.485,1.005
2025-12-10T21:37:17.530137,0.525,0.475,1.0
2025-12-10T21:37:18.205816,0.515,0.485,1.0
2025-12-10T21:37:18.835971,0.515,0.485,1.0
2025-12-10T21:37:19.468601,0.49,0.515,1.005
2025-12-10T21:37:20.115406,0.475,0.525,1.0
2025-12-10T21:37:20.756747,0.48,0.52,1.0
2025-12-10T21:37:21.398302,0.485,0.515,1.0
2025-12-10T21:37:22.030411,0.465,0.535,1.0
2025-12-10T21:37:22.665171,0.485,0.515,1.0
2025-12-10T21:37:23.315778,0.505,0.495,1.0
2025-12-10T21:37:23.971779,0.515,0.485,1.0
2025-12-10T21:37:24.604597,0.52,0.48,1.0
2025-12-10T21:37:25.227756,0.525,0.475,1.0
2025-12-10T21:37:25.872707,0.535,0.465,1.0
2025-12-10T21:37:26.549401,0.53,0.47,1.0
2025-12-10T21:37:27.278709,0.545,0.455,1.0
2025-12-10T21:37:27.936733,0.545,0.455,1.0
2025-12-10T21:37:28.575065,0.55,0.465,1.0150000000000001
2025-12-10T21:37:29.299490,0.525,0.475,1.0
2025-12-10T21:37:29.957797,0.545,0.455,1.0
2025-12-10T21:37:30.590567,0.535,0.465,1.0
2025-12-10T21:37:31.232793,0.535,0.465,1.0
2025-12-10T21:37:30.199261,0.545,0.455,1.0
2025-12-10T21:37:30.939100,0.545,0.455,1.0
2025-12-10T21:37:31.597477,0.545,0.455,1.0
2025-12-10T21:37:32.276128,0.525,0.475,1.0
2025-12-10T21:37:33.023633,0.53,0.465,0.9950000000000001
2025-12-10T21:37:33.743420,0.535,0.465,1.0
2025-12-10T21:37:34.482768,0.52,0.485,1.005
2025-12-10T21:37:35.135119,0.5,0.515,1.0150000000000001
2025-12-10T21:37:35.877349,0.495,0.505,1.0
2025-12-10T21:37:36.548601,0.5,0.5,1.0
2025-12-10T21:37:37.197475,0.495,0.505,1.0
2025-12-10T21:37:37.825509,0.505,0.495,1.0
2025-12-10T21:37:38.504416,0.505,0.495,1.0
2025-12-10T21:37:39.138705,0.525,0.475,1.0
2025-12-10T21:37:39.779107,0.515,0.485,1.0
2025-12-10T21:37:40.410250,0.515,0.485,1.0
2025-12-10T21:37:41.022024,0.525,0.475,1.0
2025-12-10T21:37:41.668130,0.525,0.475,1.0
2025-12-10T21:37:42.359534,0.53,0.47,1.0
2025-12-10T21:37:43.079674,0.525,0.475,1.0
2025-12-10T21:37:43.710110,0.545,0.455,1.0
2025-12-10T21:37:44.341341,0.555,0.445,1.0
2025-12-10T21:37:45.040906,0.565,0.42,0.9849999999999999
2025-12-10T21:37:45.702317,0.585,0.415,1.0
2025-12-10T21:37:46.354026,0.585,0.415,1.0
2025-12-10T21:37:47.096421,0.585,0.42,1.005
2025-12-10T21:37:47.825187,0.56,0.445,1.0050000000000001
2025-12-10T21:37:48.480102,0.56,0.44,1.0
2025-12-10T21:37:49.137995,0.565,0.435,1.0
2025-12-10T21:37:49.771676,0.575,0.425,1.0
2025-12-10T21:37:50.393599,0.57,0.435,1.005
2025-12-10T21:37:51.091557,0.565,0.435,1.0
2025-12-10T21:37:51.709447,0.575,0.425,1.0
2025-12-10T21:37:52.395664,0.585,0.415,1.0
2025-12-10T21:37:53.060754,0.585,0.415,1.0
2025-12-10T21:37:53.727390,0.59,0.41,1.0
2025-12-10T21:37:54.351312,0.595,0.405,1.0
2025-12-10T21:37:54.970458,0.595,0.405,1.0
2025-12-10T21:37:55.629747,0.615,0.385,1.0
2025-12-10T21:37:56.259722,0.63,0.36,0.99
2025-12-10T21:37:56.889011,0.645,0.355,1.0
2025-12-10T21:37:57.565824,0.645,0.345,0.99
2025-12-10T21:37:58.235378,0.655,0.345,1.0
2025-12-10T21:37:58.888756,0.66,0.34,1.0
2025-12-10T21:37:59.549506,0.665,0.335,1.0
2025-12-10T21:38:00.251556,0.665,0.33,0.9950000000000001
2025-12-10T21:38:00.973564,0.67,0.33,1.0
2025-12-10T21:38:01.660266,0.675,0.32,0.9950000000000001
2025-12-10T21:38:00.584771,0.68,0.32,1.0
2025-12-10T21:38:01.245276,0.675,0.325,1.0
2025-12-10T21:38:01.867110,0.695,0.305,1.0
2025-12-10T21:38:02.526050,0.705,0.295,1.0
2025-12-10T21:38:03.163697,0.715,0.285,1.0
2025-12-10T21:38:03.800575,0.72,0.275,0.995
2025-12-10T21:38:04.446228,0.715,0.285,1.0
2025-12-10T21:38:05.171302,0.715,0.28,0.995
2025-12-10T21:38:05.931344,0.705,0.29,0.9949999999999999
2025-12-10T21:38:06.577754,0.72,0.29,1.01
2025-12-10T21:38:07.206931,0.725,0.275,1.0
2025-12-10T21:38:07.856571,0.725,0.29,1.015
2025-12-10T21:38:08.621260,0.695,0.305,1.0
2025-12-10T21:38:09.269928,0.695,0.305,1.0
2025-12-10T21:38:09.996021,0.695,0.305,1.0
2025-12-10T21:38:10.651686,0.695,0.295,0.99
2025-12-10T21:38:11.288227,0.69,0.31,1.0
2025-12-10T21:38:11.960615,0.685,0.315,1.0
2025-12-10T21:38:12.605187,0.685,0.315,1.0
2025-12-10T21:38:13.241606,0.68,0.325,1.0050000000000001
2025-12-10T21:38:13.913709,0.685,0.315,1.0
2025-12-10T21:38:14.555534,0.685,0.315,1.0
2025-12-10T21:38:15.208120,0.68,0.325,1.0050000000000001
2025-12-10T21:38:15.832725,0.69,0.305,0.9949999999999999
2025-12-10T21:38:16.476997,0.705,0.295,1.0
2025-12-10T21:38:17.254273,0.715,0.285,1.0
2025-12-10T21:38:17.975635,0.715,0.285,1.0
2025-12-10T21:38:18.671479,0.715,0.285,1.0
2025-12-10T21:38:19.338625,0.715,0.285,1.0
2025-12-10T21:38:20.015458,0.715,0.27,0.985
2025-12-10T21:38:20.772499,0.725,0.275,1.0
2025-12-10T21:38:21.468561,0.735,0.265,1.0
2025-12-10T21:38:22.109078,0.72,0.28,1.0
2025-12-10T21:38:22.845742,0.725,0.275,1.0
2025-12-10T21:38:23.593226,0.725,0.275,1.0
2025-12-10T21:38:24.247902,0.715,0.285,1.0
2025-12-10T21:38:24.941643,0.725,0.275,1.0
2025-12-10T21:38:25.617743,0.735,0.265,1.0
2025-12-10T21:38:26.250740,0.745,0.255,1.0
2025-12-10T21:38:26.887941,0.745,0.255,1.0
2025-12-10T21:38:27.615241,0.745,0.255,1.0
2025-12-10T21:38:28.333733,0.735,0.265,1.0
2025-12-10T21:38:28.993876,0.735,0.265,1.0
2025-12-10T21:38:29.724283,0.73,0.27,1.0
2025-12-10T21:38:30.385950,0.73,0.27,1.0
2025-12-10T21:38:31.080505,0.735,0.265,1.0
2025-12-10T21:38:31.740648,0.73,0.27,1.0
2025-12-10T21:38:32.422560,0.725,0.285,1.01
2025-12-10T21:38:31.477176,0.695,0.305,1.0
2025-12-10T21:38:32.116111,0.685,0.31,0.9950000000000001
2025-12-10T21:38:32.798678,0.71,0.29,1.0
2025-12-10T21:38:33.452324,0.71,0.29,1.0
2025-12-10T21:38:34.095802,0.685,0.315,1.0
2025-12-10T21:38:34.740793,0.675,0.325,1.0
2025-12-10T21:38:35.413662,0.69,0.305,0.9949999999999999
2025-12-10T21:38:36.116604,0.695,0.305,1.0
2025-12-10T21:38:36.804744,0.7,0.3,1.0
2025-12-10T21:38:37.538725,0.705,0.295,1.0
2025-12-10T21:38:38.298834,0.7,0.3,1.0
2025-12-10T21:38:38.981020,0.695,0.305,1.0
2025-12-10T21:38:39.624704,0.7,0.3,1.0
2025-12-10T21:38:40.240322,0.705,0.295,1.0
2025-12-10T21:38:40.895478,0.705,0.285,0.99
2025-12-10T21:38:41.584949,0.715,0.285,1.0
2025-12-10T21:38:42.211641,0.715,0.285,1.0
2025-12-10T21:38:42.834906,0.7,0.3,1.0
2025-12-10T21:38:43.494154,0.705,0.295,1.0
2025-12-10T21:38:44.154104,0.705,0.295,1.0
2025-12-10T21:38:44.816356,0.715,0.28,0.995
2025-12-10T21:38:45.488116,0.73,0.27,1.0
2025-12-10T21:38:46.135286,0.735,0.265,1.0
2025-12-10T21:38:46.812237,0.715,0.285,1.0
2025-12-10T21:38:47.795193,0.705,0.295,1.0
2025-12-10T21:38:48.485740,0.705,0.295,1.0
2025-12-10T21:38:49.133544,0.7,0.305,1.005
2025-12-10T21:38:49.790650,0.695,0.305,1.0
2025-12-10T21:38:50.474352,0.695,0.305,1.0
2025-12-10T21:38:51.176436,0.7,0.3,1.0
2025-12-10T21:38:51.866122,0.705,0.295,1.0
2025-12-10T21:38:52.493912,0.7,0.305,1.005
2025-12-10T21:38:53.161301,0.69,0.315,1.005
2025-12-10T21:38:53.842396,0.685,0.315,1.0
2025-12-10T21:38:54.571554,0.695,0.325,1.02
2025-12-10T21:38:55.260925,0.685,0.315,1.0
2025-12-10T21:38:55.975728,0.69,0.31,1.0
2025-12-10T21:38:56.671873,0.69,0.31,1.0
2025-12-10T21:38:57.383297,0.685,0.31,0.9950000000000001
2025-12-10T21:38:58.094483,0.69,0.3,0.99
2025-12-10T21:38:58.740232,0.7,0.3,1.0
2025-12-10T21:38:59.385367,0.705,0.295,1.0
2025-12-10T21:39:00.055010,0.705,0.295,1.0
2025-12-10T21:39:00.719969,0.705,0.295,1.0
2025-12-10T21:39:01.344209,0.715,0.285,1.0
2025-12-10T21:39:01.984344,0.715,0.295,1.01
2025-12-10T21:39:02.640630,0.68,0.325,1.0050000000000001
2025-12-10T21:39:03.290652,0.635,0.365,1.0
2025-12-10T21:39:02.248922,0.64,0.36,1.0
2025-12-10T21:39:02.957509,0.645,0.355,1.0
2025-12-10T21:39:03.607509,0.655,0.345,1.0
2025-12-10T21:39:04.280098,0.655,0.345,1.0
2025-12-10T21:39:04.990680,0.655,0.335,0.99
2025-12-10T21:39:05.691250,0.67,0.325,0.9950000000000001
2025-12-10T21:39:06.423798,0.665,0.335,1.0
2025-12-10T21:39:07.122467,0.675,0.325,1.0
2025-12-10T21:39:07.772505,0.685,0.315,1.0
2025-12-10T21:39:08.403238,0.675,0.325,1.0
2025-12-10T21:39:09.047732,0.665,0.33,0.9950000000000001
2025-12-10T21:39:09.722195,0.685,0.315,1.0
2025-12-10T21:39:10.463074,0.69,0.315,1.005
2025-12-10T21:39:11.227735,0.665,0.335,1.0
2025-12-10T21:39:11.863325,0.66,0.345,1.005
2025-12-10T21:39:12.512689,0.66,0.34,1.0
2025-12-10T21:39:13.178567,0.66,0.34,1.0
2025-12-10T21:39:13.804905,0.665,0.335,1.0
2025-12-10T21:39:14.476639,0.665,0.345,1.01
2025-12-10T21:39:15.152824,0.655,0.355,1.01
2025-12-10T21:39:15.804557,0.635,0.365,1.0
2025-12-10T21:39:16.430852,0.635,0.365,1.0
2025-12-10T21:39:17.060223,0.625,0.375,1.0
2025-12-10T21:39:17.737440,0.615,0.385,1.0
2025-12-10T21:39:18.436010,0.615,0.385,1.0
2025-12-10T21:39:19.068326,0.61,0.39,1.0
2025-12-10T21:39:19.701319,0.615,0.385,1.0
2025-12-10T21:39:20.368875,0.61,0.39,1.0
2025-12-10T21:39:21.005692,0.605,0.395,1.0
2025-12-10T21:39:21.656582,0.605,0.405,1.01
2025-12-10T21:39:22.357779,0.595,0.41,1.005
2025-12-10T21:39:22.987426,0.585,0.41,0.9949999999999999
2025-12-10T21:39:23.622660,0.585,0.415,1.0
2025-12-10T21:39:24.267289,0.575,0.425,1.0
2025-12-10T21:39:24.929882,0.59,0.415,1.005
2025-12-10T21:39:25.606423,0.575,0.425,1.0
2025-12-10T21:39:26.235454,0.575,0.425,1.0
2025-12-10T21:39:26.936936,0.57,0.43,1.0
2025-12-10T21:39:27.693001,0.565,0.435,1.0
2025-12-10T21:39:28.406413,0.56,0.445,1.0050000000000001
2025-12-10T21:39:29.094111,0.545,0.455,1.0
2025-12-10T21:39:29.737131,0.535,0.465,1.0
2025-12-10T21:39:30.454483,0.535,0.465,1.0
2025-12-10T21:39:31.189778,0.53,0.47,1.0
2025-12-10T21:39:31.911201,0.53,0.47,1.0
2025-12-10T21:39:32.588760,0.54,0.46,1.0
2025-12-10T21:39:33.272806,0.525,0.475,1.0
2025-12-10T21:39:32.207427,0.515,0.485,1.0
2025-12-10T21:39:32.884484,0.515,0.49,1.005
2025-12-10T21:39:33.546693,0.505,0.495,1.0
2025-12-10T21:39:34.194876,0.525,0.475,1.0
2025-12-10T21:39:34.865181,0.525,0.49,1.0150000000000001
2025-12-10T21:39:35.555201,0.52,0.48,1.0
2025-12-10T21:39:36.217474,0.525,0.475,1.0
2025-12-10T21:39:36.842823,0.53,0.47,1.0
2025-12-10T21:39:37.528032,0.535,0.46,0.9950000000000001
2025-12-10T21:39:38.160886,0.555,0.445,1.0
2025-12-10T21:39:38.794843,0.575,0.425,1.0
2025-12-10T21:39:39.422171,0.56,0.445,1.0050000000000001
2025-12-10T21:39:40.050384,0.545,0.455,1.0
2025-12-10T21:39:40.702965,0.535,0.465,1.0
2025-12-10T21:39:41.343077,0.535,0.465,1.0
2025-12-10T21:39:42.004208,0.535,0.465,1.0
2025-12-10T21:39:42.660912,0.55,0.45,1.0
2025-12-10T21:39:43.328932,0.56,0.44,1.0
2025-12-10T21:39:43.999385,0.55,0.455,1.0050000000000001
2025-12-10T21:39:44.682896,0.535,0.465,1.0
2025-12-10T21:39:45.362425,0.525,0.475,1.0
2025-12-10T21:39:46.090552,0.525,0.485,1.01
2025-12-10T21:39:46.727844,0.525,0.475,1.0
2025-12-10T21:39:47.386189,0.525,0.475,1.0
2025-12-10T21:39:48.041116,0.525,0.475,1.0
2025-12-10T21:39:48.674636,0.54,0.455,0.9950000000000001
2025-12-10T21:39:49.310340,0.555,0.445,1.0
2025-12-10T21:39:50.024175,0.555,0.435,0.99
2025-12-10T21:39:50.793618,0.565,0.435,1.0
2025-12-10T21:39:51.458081,0.565,0.435,1.0
2025-12-10T21:39:52.077807,0.565,0.44,1.005
2025-12-10T21:39:52.739193,0.55,0.45,1.0
2025-12-10T21:39:53.452610,0.55,0.445,0.9950000000000001
2025-12-10T21:39:54.078887,0.555,0.445,1.0
2025-12-10T21:39:54.718080,0.555,0.445,1.0
2025-12-10T21:39:55.401531,0.565,0.435,1.0
2025-12-10T21:39:56.043433,0.575,0.425,1.0
2025-12-10T21:39:56.678726,0.575,0.425,1.0
2025-12-10T21:39:57.304040,0.575,0.425,1.0
2025-12-10T21:39:57.967563,0.555,0.445,1.0
2025-12-10T21:39:58.597769,0.555,0.445,1.0
2025-12-10T21:39:59.238356,0.56,0.435,0.9950000000000001
2025-12-10T21:39:59.873187,0.56,0.44,1.0
2025-12-10T21:40:00.520687,0.55,0.45,1.0
2025-12-10T21:40:01.153398,0.55,0.45,1.0
2025-12-10T21:40:01.797611,0.545,0.455,1.0
2025-12-10T21:40:02.522276,0.535,0.46,0.9950000000000001
2025-12-10T21:40:03.209116,0.555,0.445,1.0
2025-12-10T21:40:03.880573,0.57,0.425,0.9949999999999999
2025-12-10T21:40:02.801836,0.605,0.395,1.0
2025-12-10T21:40:03.440191,0.61,0.385,0.995
2025-12-10T21:40:04.067798,0.625,0.375,1.0
2025-12-10T21:40:04.722322,0.635,0.365,1.0
2025-12-10T21:40:05.344381,0.645,0.355,1.0
2025-12-10T21:40:05.983505,0.64,0.36,1.0
2025-12-10T21:40:06.634844,0.645,0.355,1.0
2025-12-10T21:40:07.452397,0.63,0.365,0.995
2025-12-10T21:40:08.153231,0.64,0.36,1.0
2025-12-10T21:40:08.929526,0.645,0.365,1.01
2025-12-10T21:40:09.546752,0.59,0.41,1.0
2025-12-10T21:40:10.232495,0.585,0.415,1.0
2025-12-10T21:40:10.899993,0.6,0.4,1.0
2025-12-10T21:40:11.554994,0.615,0.385,1.0
2025-12-10T21:40:12.478882,0.625,0.37,0.995
2025-12-10T21:40:13.170148,0.635,0.365,1.0
2025-12-10T21:40:13.859553,0.645,0.345,0.99
2025-12-10T21:40:14.559773,0.655,0.35,1.005
2025-12-10T21:40:15.203526,0.65,0.35,1.0
2025-12-10T21:40:15.891244,0.655,0.345,1.0
2025-12-10T21:40:16.524090,0.65,0.35,1.0
2025-12-10T21:40:17.146673,0.665,0.335,1.0
2025-12-10T21:40:17.838402,0.665,0.335,1.0
2025-12-10T21:40:18.589223,0.675,0.325,1.0
2025-12-10T21:40:19.282395,0.675,0.325,1.0
2025-12-10T21:40:19.965845,0.685,0.315,1.0
2025-12-10T21:40:20.615957,0.695,0.3,0.9949999999999999
2025-12-10T21:40:21.304268,0.705,0.295,1.0
2025-12-10T21:40:21.944614,0.705,0.29,0.9949999999999999
2025-12-10T21:40:22.632652,0.715,0.285,1.0
2025-12-10T21:40:23.367141,0.715,0.285,1.0
2025-12-10T21:40:23.996984,0.71,0.29,1.0
2025-12-10T21:40:24.682830,0.695,0.31,1.005
2025-12-10T21:40:25.385176,0.685,0.315,1.0
2025-12-10T21:40:26.040655,0.675,0.325,1.0
2025-12-10T21:40:26.733754,0.68,0.32,1.0
2025-12-10T21:40:27.370782,0.68,0.32,1.0
2025-12-10T21:40:28.018750,0.665,0.335,1.0
2025-12-10T21:40:28.672033,0.665,0.335,1.0
2025-12-10T21:40:29.337667,0.655,0.345,1.0
2025-12-10T21:40:29.991219,0.685,0.315,1.0
2025-12-10T21:40:30.628867,0.665,0.335,1.0
2025-12-10T21:40:31.266669,0.67,0.33,1.0
2025-12-10T21:40:31.986820,0.655,0.34,0.9950000000000001
2025-12-10T21:40:32.736080,0.64,0.375,1.0150000000000001
2025-12-10T21:40:33.427178,0.62,0.385,1.005
2025-12-10T21:40:34.053205,0.605,0.4,1.005
2025-12-10T21:40:34.692049,0.615,0.385,1.0
2025-12-10T21:40:33.670620,0.585,0.415,1.0
2025-12-10T21:40:34.336245,0.585,0.415,1.0
2025-12-10T21:40:34.979903,0.61,0.39,1.0
2025-12-10T21:40:35.654668,0.615,0.385,1.0
2025-12-10T21:40:36.289587,0.605,0.395,1.0
2025-12-10T21:40:37.107779,0.605,0.39,0.995
2025-12-10T21:40:37.785425,0.615,0.38,0.995
2025-12-10T21:40:38.490071,0.625,0.375,1.0
2025-12-10T21:40:39.138195,0.625,0.375,1.0
2025-12-10T21:40:39.825680,0.635,0.365,1.0
2025-12-10T21:40:40.476352,0.625,0.375,1.0
2025-12-10T21:40:41.119628,0.625,0.375,1.0
2025-12-10T21:40:41.790493,0.615,0.385,1.0
2025-12-10T21:40:42.449383,0.625,0.375,1.0
2025-12-10T21:40:43.125965,0.605,0.395,1.0
2025-12-10T21:40:43.843645,0.565,0.455,1.02
2025-12-10T21:40:44.526085,0.545,0.46,1.0050000000000001
2025-12-10T21:40:45.194182,0.535,0.465,1.0
2025-12-10T21:40:45.848556,0.525,0.475,1.0
2025-12-10T21:40:46.537699,0.525,0.465,0.99
2025-12-10T21:40:47.232541,0.515,0.485,1.0
2025-12-10T21:40:47.933206,0.53,0.47,1.0
2025-12-10T21:40:48.588383,0.535,0.465,1.0
2025-12-10T21:40:49.251741,0.515,0.485,1.0
2025-12-10T21:40:50.000065,0.515,0.485,1.0
2025-12-10T21:40:50.717250,0.515,0.48,0.995
2025-12-10T21:40:51.382511,0.51,0.49,1.0
2025-12-10T21:40:52.073038,0.495,0.505,1.0
2025-12-10T21:40:52.810245,0.505,0.495,1.0
2025-12-10T21:40:53.496462,0.505,0.505,1.01
2025-12-10T21:40:54.141943,0.51,0.495,1.005
2025-12-10T21:40:54.802670,0.5,0.5,1.0
2025-12-10T21:40:55.456567,0.515,0.485,1.0
2025-12-10T21:40:56.134768,0.515,0.485,1.0
2025-12-10T21:40:56.792489,0.525,0.475,1.0
2025-12-10T21:40:57.506324,0.535,0.465,1.0
2025-12-10T21:40:58.187753,0.535,0.465,1.0
2025-12-10T21:40:58.829731,0.515,0.485,1.0
2025-12-10T21:40:59.484436,0.505,0.495,1.0
2025-12-10T21:41:00.133907,0.505,0.495,1.0
2025-12-10T21:41:00.774533,0.5,0.5,1.0
2025-12-10T21:41:01.490235,0.495,0.505,1.0
2025-12-10T21:41:02.158852,0.495,0.505,1.0
2025-12-10T21:41:02.826257,0.485,0.515,1.0
2025-12-10T21:41:03.530357,0.485,0.515,1.0
2025-12-10T21:41:04.198761,0.525,0.475,1.0
2025-12-10T21:41:04.943441,0.545,0.455,1.0
2025-12-10T21:41:04.065174,0.535,0.465,1.0
2025-12-10T21:41:04.777242,0.535,0.465,1.0
2025-12-10T21:41:05.499796,0.53,0.475,1.005
2025-12-10T21:41:06.198447,0.535,0.465,1.0
2025-12-10T21:41:06.905238,0.54,0.47,1.01
2025-12-10T21:41:07.536478,0.525,0.475,1.0
2025-12-10T21:41:08.161189,0.52,0.48,1.0
2025-12-10T21:41:08.887248,0.525,0.475,1.0
2025-12-10T21:41:09.522497,0.545,0.455,1.0
2025-12-10T21:41:10.216350,0.565,0.435,1.0
2025-12-10T21:41:10.866181,0.61,0.39,1.0
2025-12-10T21:41:11.513382,0.625,0.375,1.0
2025-12-10T21:41:12.172412,0.61,0.395,1.005
2025-12-10T21:41:12.816810,0.575,0.425,1.0
2025-12-10T21:41:13.492245,0.605,0.4,1.005
2025-12-10T21:41:14.155943,0.625,0.375,1.0
2025-12-10T21:41:14.837876,0.63,0.365,0.995
2025-12-10T21:41:15.493714,0.635,0.365,1.0
2025-12-10T21:41:16.177535,0.635,0.365,1.0
2025-12-10T21:41:16.825741,0.645,0.355,1.0
2025-12-10T21:41:17.502596,0.645,0.35,0.995
2025-12-10T21:41:18.167007,0.655,0.335,0.99
2025-12-10T21:41:18.823291,0.685,0.315,1.0
2025-12-10T21:41:19.561263,0.67,0.33,1.0
2025-12-10T21:41:20.303690,0.66,0.34,1.0
2025-12-10T21:41:20.999087,0.665,0.335,1.0
2025-12-10T21:41:21.653051,0.665,0.335,1.0
2025-12-10T21:41:22.383933,0.665,0.335,1.0
2025-12-10T21:41:23.143844,0.66,0.34,1.0
2025-12-10T21:41:23.816940,0.655,0.345,1.0
2025-12-10T21:41:24.553543,0.665,0.335,1.0
2025-12-10T21:41:25.324734,0.685,0.305,0.99
2025-12-10T21:41:26.051282,0.71,0.295,1.005
2025-12-10T21:41:26.719515,0.71,0.29,1.0
2025-12-10T21:41:27.450222,0.71,0.29,1.0
2025-12-10T21:41:28.120087,0.705,0.295,1.0
2025-12-10T21:41:28.779259,0.635,0.37,1.005
2025-12-10T21:41:29.505028,0.62,0.38,1.0
2025-12-10T21:41:30.185908,0.63,0.37,1.0
2025-12-10T21:41:30.925346,0.615,0.385,1.0
2025-12-10T21:41:31.637943,0.615,0.385,1.0
2025-12-10T21:41:32.357536,0.605,0.395,1.0
2025-12-10T21:41:32.993244,0.605,0.395,1.0
2025-12-10T21:41:33.639668,0.605,0.395,1.0
2025-12-10T21:41:34.325292,0.605,0.4,1.005
2025-12-10T21:41:35.055986,0.6,0.4,1.0
2025-12-10T21:41:35.725122,0.63,0.365,0.995
2025-12-10T21:41:34.754345,0.625,0.375,1.0
2025-12-10T21:41:35.427506,0.625,0.38,1.005
2025-12-10T21:41:36.098407,0.615,0.395,1.01
2025-12-10T21:41:36.730687,0.605,0.395,1.0
2025-12-10T21:41:37.404880,0.625,0.37,0.995
2025-12-10T21:41:38.036915,0.635,0.365,1.0
2025-12-10T21:41:38.735876,0.645,0.355,1.0
2025-12-10T21:41:39.376590,0.645,0.35,0.995
2025-12-10T21:41:40.094755,0.65,0.35,1.0
2025-12-10T21:41:40.760218,0.655,0.345,1.0
2025-12-10T21:41:41.427717,0.665,0.335,1.0
2025-12-10T21:41:42.081050,0.665,0.335,1.0
2025-12-10T21:41:42.733408,0.665,0.335,1.0
2025-12-10T21:41:43.430614,0.665,0.335,1.0
2025-12-10T21:41:44.214275,0.695,0.305,1.0
2025-12-10T21:41:44.894603,0.685,0.31,0.9950000000000001
2025-12-10T21:41:45.514579,0.695,0.305,1.0
2025-12-10T21:41:46.195034,0.695,0.3,0.9949999999999999
2025-12-10T21:41:46.875617,0.71,0.285,0.9949999999999999
2025-12-10T21:41:47.572920,0.71,0.285,0.9949999999999999
2025-12-10T21:41:48.267364,0.71,0.29,1.0
2025-12-10T21:41:48.908075,0.71,0.29,1.0
2025-12-10T21:41:49.589673,0.705,0.29,0.9949999999999999
2025-12-10T21:41:50.271497,0.715,0.28,0.995
2025-12-10T21:41:50.956605,0.715,0.285,1.0
2025-12-10T21:41:51.596206,0.705,0.295,1.0
2025-12-10T21:41:52.263642,0.715,0.285,1.0
2025-12-10T21:41:52.979926,0.715,0.285,1.0
2025-12-10T21:41:53.706359,0.715,0.285,1.0
2025-12-10T21:41:54.435342,0.715,0.285,1.0
2025-12-10T21:41:55.122432,0.72,0.28,1.0
2025-12-10T21:41:55.819551,0.725,0.295,1.02
2025-12-10T21:41:56.454040,0.705,0.29,0.9949999999999999
2025-12-10T21:41:57.072960,0.695,0.31,1.005
2025-12-10T21:41:57.730467,0.67,0.33,1.0
2025-12-10T21:41:58.398083,0.665,0.335,1.0
2025-12-10T21:41:59.118302,0.66,0.335,0.9950000000000001
2025-12-10T21:41:59.807804,0.675,0.325,1.0
2025-12-10T21:42:00.493301,0.675,0.325,1.0
2025-12-10T21:42:01.150758,0.685,0.315,1.0
2025-12-10T21:42:01.869350,0.675,0.325,1.0
2025-12-10T21:42:02.502573,0.685,0.315,1.0
2025-12-10T21:42:03.204139,0.665,0.335,1.0
2025-12-10T21:42:03.862806,0.675,0.325,1.0
2025-12-10T21:42:04.627019,0.69,0.295,0.9849999999999999
2025-12-10T21:42:05.293253,0.715,0.285,1.0
2025-12-10T21:42:06.005942,0.675,0.33,1.0050000000000001
2025-12-10T21:42:06.685114,0.67,0.33,1.0
2025-12-10T21:42:05.654646,0.67,0.33,1.0
2025-12-10T21:42:06.348800,0.685,0.315,1.0
2025-12-10T21:42:07.057209,0.705,0.295,1.0
2025-12-10T21:42:07.733758,0.735,0.265,1.0
2025-12-10T21:42:08.374132,0.735,0.265,1.0
2025-12-10T21:42:09.003801,0.735,0.265,1.0
2025-12-10T21:42:09.694368,0.745,0.255,1.0
2025-12-10T21:42:10.313904,0.75,0.255,1.005
2025-12-10T21:42:11.004900,0.735,0.265,1.0
2025-12-10T21:42:11.629872,0.725,0.27,0.995
2025-12-10T21:42:12.261810,0.73,0.27,1.0
2025-12-10T21:42:12.917284,0.735,0.265,1.0
2025-12-10T21:42:13.592565,0.74,0.26,1.0
2025-12-10T21:42:14.262982,0.74,0.255,0.995
2025-12-10T21:42:14.902764,0.76,0.23,0.99
2025-12-10T21:42:15.549228,0.765,0.235,1.0
2025-12-10T21:42:16.279881,0.76,0.24,1.0
2025-12-10T21:42:16.970040,0.74,0.26,1.0
2025-12-10T21:42:17.653019,0.75,0.255,1.005
2025-12-10T21:42:18.346913,0.745,0.255,1.0
2025-12-10T21:42:18.987610,0.755,0.245,1.0
2025-12-10T21:42:19.634690,0.745,0.255,1.0
2025-12-10T21:42:20.378410,0.75,0.25,1.0
2025-12-10T21:42:21.018124,0.765,0.235,1.0
2025-12-10T21:42:21.662756,0.775,0.225,1.0
2025-12-10T21:42:22.330352,0.795,0.205,1.0
2025-12-10T21:42:23.016979,0.77,0.23,1.0
2025-12-10T21:42:23.701459,0.78,0.22,1.0
2025-12-10T21:42:24.369103,0.795,0.205,1.0
2025-12-10T21:42:25.122371,0.79,0.21,1.0
2025-12-10T21:42:25.744502,0.785,0.215,1.0
2025-12-10T21:42:26.520911,0.775,0.225,1.0
2025-12-10T21:42:27.300023,0.755,0.23,0.985
2025-12-10T21:42:28.079841,0.78,0.22,1.0
2025-12-10T21:42:28.812292,0.765,0.24,1.005
2025-12-10T21:42:29.491954,0.76,0.235,0.995
2025-12-10T21:42:30.179383,0.775,0.225,1.0
2025-12-10T21:42:30.828472,0.775,0.225,1.0
2025-12-10T21:42:31.497732,0.785,0.215,1.0
2025-12-10T21:42:32.191771,0.79,0.21,1.0
2025-12-10T21:42:33.115888,0.765,0.235,1.0
2025-12-10T21:42:33.803928,0.7,0.32,1.02
2025-12-10T21:42:34.502640,0.68,0.31,0.99
2025-12-10T21:42:35.127783,0.69,0.325,1.015
2025-12-10T21:42:35.843244,0.695,0.295,0.99
2025-12-10T21:42:36.564048,0.715,0.28,0.995
2025-12-10T21:42:35.596832,0.715,0.285,1.0
2025-12-10T21:42:36.264467,0.745,0.255,1.0
2025-12-10T21:42:36.902436,0.725,0.275,1.0
2025-12-10T21:42:37.544000,0.74,0.26,1.0
2025-12-10T21:42:38.224188,0.745,0.255,1.0
2025-12-10T21:42:38.891709,0.765,0.235,1.0
2025-12-10T21:42:39.604778,0.76,0.24,1.0
2025-12-10T21:42:40.305148,0.77,0.225,0.995
2025-12-10T21:42:40.952921,0.775,0.23,1.0050000000000001
2025-12-10T21:42:41.703231,0.775,0.225,1.0
2025-12-10T21:42:42.403325,0.785,0.215,1.0
2025-12-10T21:42:43.114384,0.795,0.205,1.0
2025-12-10T21:42:43.763361,0.795,0.205,1.0
2025-12-10T21:42:44.454153,0.795,0.205,1.0
2025-12-10T21:42:45.173953,0.795,0.205,1.0
2025-12-10T21:42:45.873771,0.785,0.215,1.0
2025-12-10T21:42:46.570471,0.79,0.21,1.0
2025-12-10T21:42:47.214638,0.795,0.205,1.0
2025-12-10T21:42:47.932241,0.795,0.205,1.0
2025-12-10T21:42:48.634377,0.8,0.2,1.0
2025-12-10T21:42:49.316749,0.8,0.2,1.0
2025-12-10T21:42:49.966155,0.805,0.195,1.0
2025-12-10T21:42:50.690264,0.81,0.19,1.0
2025-12-10T21:42:51.406520,0.81,0.185,0.9950000000000001
2025-12-10T21:42:52.056270,0.825,0.175,1.0
2025-12-10T21:42:52.703557,0.815,0.185,1.0
2025-12-10T21:42:53.342442,0.835,0.165,1.0
2025-12-10T21:42:53.959203,0.825,0.175,1.0
2025-12-10T21:42:54.836576,0.825,0.175,1.0
2025-12-10T21:42:55.524468,0.83,0.17,1.0
2025-12-10T21:42:56.430406,0.83,0.17,1.0
2025-12-10T21:42:57.092671,0.825,0.175,1.0
2025-12-10T21:42:57.759387,0.805,0.195,1.0
2025-12-10T21:42:58.373171,0.815,0.185,1.0
2025-12-10T21:42:59.127954,0.835,0.165,1.0
2025-12-10T21:42:59.840462,0.845,0.155,1.0
2025-12-10T21:43:00.466583,0.845,0.155,1.0
2025-12-10T21:43:01.108894,0.85,0.155,1.005
2025-12-10T21:43:01.744965,0.86,0.14,1.0
2025-12-10T21:43:02.423279,0.865,0.135,1.0
2025-12-10T21:43:03.146225,0.865,0.125,0.99
2025-12-10T21:43:03.942571,0.875,0.125,1.0
2025-12-10T21:43:04.762567,0.875,0.125,1.0
2025-12-10T21:43:05.450688,0.82,0.18,1.0
2025-12-10T21:43:06.102265,0.81,0.195,1.0050000000000001
2025-12-10T21:43:06.787868,0.825,0.175,1.0
2025-12-10T21:43:07.462334,0.83,0.17,1.0
2025-12-10T21:43:06.422546,0.84,0.15,0.99
2025-12-10T21:43:07.083754,0.855,0.145,1.0
2025-12-10T21:43:07.747535,0.855,0.145,1.0
2025-12-10T21:43:08.373736,0.865,0.135,1.0
2025-12-10T21:43:09.027829,0.875,0.125,1.0
2025-12-10T21:43:09.694552,0.875,0.125,1.0
2025-12-10T21:43:10.369200,0.875,0.12,0.995
2025-12-10T21:43:11.070863,0.88,0.12,1.0
2025-12-10T21:43:11.729689,0.875,0.125,1.0
2025-12-10T21:43:12.358252,0.885,0.115,1.0
2025-12-10T21:43:12.994289,0.895,0.105,1.0
2025-12-10T21:43:13.626786,0.91,0.085,0.995
2025-12-10T21:43:14.299799,0.915,0.09,1.0050000000000001
2025-12-10T21:43:14.982910,0.925,0.075,1.0
2025-12-10T21:43:15.636299,0.93,0.065,0.9950000000000001
2025-12-10T21:43:16.302900,0.935,0.065,1.0
2025-12-10T21:43:17.000338,0.94,0.06,1.0
2025-12-10T21:43:17.635555,0.94,0.06,1.0
2025-12-10T21:43:18.353403,0.945,0.06,1.005
2025-12-10T21:43:19.019368,0.935,0.06,0.9950000000000001
2025-12-10T21:43:19.665438,0.94,0.06,1.0
2025-12-10T21:43:20.365393,0.935,0.065,1.0
2025-12-10T21:43:21.080495,0.915,0.085,1.0
2025-12-10T21:43:21.701319,0.935,0.075,1.01
2025-12-10T21:43:22.367672,0.92,0.08,1.0
2025-12-10T21:43:23.068086,0.925,0.07,0.9950000000000001
2025-12-10T21:43:23.722172,0.93,0.07,1.0
2025-12-10T21:43:24.385328,0.925,0.08,1.0050000000000001
2025-12-10T21:43:25.010392,0.915,0.085,1.0
2025-12-10T21:43:25.644304,0.91,0.09,1.0
2025-12-10T21:43:26.318800,0.91,0.09,1.0
2025-12-10T21:43:27.028853,0.91,0.09,1.0
2025-12-10T21:43:27.712116,0.91,0.09,1.0
2025-12-10T21:43:28.370634,0.93,0.07,1.0
2025-12-10T21:43:28.997750,0.935,0.065,1.0
2025-12-10T21:43:29.638404,0.93,0.07,1.0
2025-12-10T21:43:30.342994,0.915,0.085,1.0
2025-12-10T21:43:31.195678,0.93,0.07,1.0
2025-12-10T21:43:31.854659,0.935,0.065,1.0
2025-12-10T21:43:32.617251,0.94,0.06,1.0
2025-12-10T21:43:33.435845,0.945,0.055,1.0
2025-12-10T21:43:34.064317,0.935,0.065,1.0
2025-12-10T21:43:34.772673,0.935,0.065,1.0
2025-12-10T21:43:35.442787,0.955,0.045,1.0
2025-12-10T21:43:36.226537,0.93,0.075,1.0050000000000001
2025-12-10T21:43:36.944280,0.93,0.075,1.0050000000000001
2025-12-10T21:43:37.661337,0.945,0.055,1.0
2025-12-10T21:43:38.336205,0.945,0.06,1.005
2025-12-10T21:43:37.302118,0.93,0.07,1.0
2025-12-10T21:43:37.941770,0.935,0.065,1.0
2025-12-10T21:43:38.601557,0.935,0.065,1.0
2025-12-10T21:43:39.229590,0.935,0.065,1.0
2025-12-10T21:43:39.913512,0.94,0.06,1.0
2025-12-10T21:43:40.637481,0.94,0.06,1.0
2025-12-10T21:43:41.375506,0.94,0.06,1.0
2025-12-10T21:43:42.067817,0.94,0.06,1.0
2025-12-10T21:43:42.729321,0.935,0.065,1.0
2025-12-10T21:43:43.452627,0.915,0.085,1.0
2025-12-10T21:43:44.306096,0.91,0.085,0.995
2025-12-10T21:43:44.940925,0.915,0.085,1.0
2025-12-10T21:43:45.572961,0.87,0.14,1.01
2025-12-10T21:43:46.223174,0.85,0.145,0.995
2025-12-10T21:43:47.020603,0.86,0.14,1.0
2025-12-10T21:43:47.694546,0.845,0.155,1.0
2025-12-10T21:43:48.404806,0.845,0.155,1.0
2025-12-10T21:43:49.067338,0.845,0.155,1.0
2025-12-10T21:43:49.782232,0.845,0.155,1.0
2025-12-10T21:43:50.425379,0.84,0.16,1.0
2025-12-10T21:43:51.086475,0.845,0.16,1.005
2025-12-10T21:43:51.726513,0.82,0.185,1.005
2025-12-10T21:43:52.409811,0.82,0.18,1.0
2025-12-10T21:43:53.124712,0.82,0.175,0.9949999999999999
2025-12-10T21:43:53.803673,0.825,0.175,1.0
2025-12-10T21:43:54.501221,0.83,0.17,1.0
2025-12-10T21:43:55.146172,0.825,0.175,1.0
2025-12-10T21:43:55.797836,0.735,0.265,1.0
2025-12-10T21:43:56.525956,0.73,0.275,1.005
2025-12-10T21:43:57.187263,0.755,0.25,1.005
2025-12-10T21:43:57.846043,0.725,0.275,1.0
2025-12-10T21:43:58.502522,0.74,0.26,1.0
2025-12-10T21:43:59.150846,0.73,0.26,0.99
2025-12-10T21:43:59.809884,0.73,0.27,1.0
2025-12-10T21:44:00.524484,0.745,0.255,1.0
2025-12-10T21:44:01.242867,0.745,0.255,1.0
2025-12-10T21:44:01.932663,0.745,0.255,1.0
2025-12-10T21:44:02.690939,0.745,0.255,1.0
2025-12-10T21:44:03.392981,0.75,0.25,1.0
2025-12-10T21:44:04.076086,0.735,0.265,1.0
2025-12-10T21:44:04.837568,0.68,0.32,1.0
2025-12-10T21:44:05.557777,0.71,0.29,1.0
2025-12-10T21:44:06.227392,0.75,0.245,0.995
2025-12-10T21:44:06.918356,0.79,0.205,0.995
2025-12-10T21:44:07.613140,0.825,0.175,1.0
2025-12-10T21:44:08.310906,0.815,0.185,1.0
2025-12-10T21:44:07.370523,0.785,0.225,1.01
2025-12-10T21:44:08.100740,0.76,0.235,0.995
2025-12-10T21:44:08.782386,0.75,0.25,1.0
2025-12-10T21:44:09.429377,0.75,0.25,1.0
2025-12-10T21:44:10.122645,0.755,0.245,1.0
2025-12-10T21:44:10.796518,0.77,0.225,0.995
2025-12-10T21:44:11.543886,0.785,0.22,1.0050000000000001
2025-12-10T21:44:12.244280,0.795,0.205,1.0
2025-12-10T21:44:12.946398,0.8,0.2,1.0
2025-12-10T21:44:13.636984,0.815,0.185,1.0
2025-12-10T21:44:14.292786,0.825,0.175,1.0
2025-12-10T21:44:15.002701,0.865,0.135,1.0
2025-12-10T21:44:15.714073,0.88,0.115,0.995
2025-12-10T21:44:16.370597,0.875,0.12,0.995
2025-12-10T21:44:17.029375,0.895,0.105,1.0
2025-12-10T21:44:17.702870,0.9,0.1,1.0
2025-12-10T21:44:18.351345,0.895,0.105,1.0
2025-12-10T21:44:19.024561,0.905,0.07,0.9750000000000001
2025-12-10T21:44:19.666621,0.94,0.06,1.0
2025-12-10T21:44:20.294424,0.955,0.045,1.0
2025-12-10T21:44:20.965706,0.945,0.055,1.0
2025-12-10T21:44:21.648154,0.905,0.095,1.0
2025-12-10T21:44:22.400860,0.93,0.07,1.0
2025-12-10T21:44:23.138079,0.92,0.075,0.995
2025-12-10T21:44:23.788247,0.93,0.07,1.0
2025-12-10T21:44:24.657711,0.935,0.065,1.0
2025-12-10T21:44:25.382547,0.885,0.125,1.01
2025-12-10T21:44:26.118123,0.88,0.12,1.0
2025-12-10T21:44:26.829728,0.875,0.13,1.005
2025-12-10T21:44:27.470033,0.865,0.135,1.0
2025-12-10T21:44:28.137900,0.865,0.13,0.995
2025-12-10T21:44:28.793611,0.87,0.13,1.0
2025-12-10T21:44:29.440737,0.875,0.125,1.0
2025-12-10T21:44:30.102888,0.88,0.12,1.0
2025-12-10T21:44:30.740756,0.875,0.125,1.0
2025-12-10T21:44:31.388874,0.875,0.145,1.02
2025-12-10T21:44:32.054224,0.87,0.13,1.0
2025-12-10T21:44:32.753095,0.895,0.105,1.0
2025-12-10T21:44:33.421702,0.905,0.095,1.0
2025-12-10T21:44:34.097483,0.905,0.095,1.0
2025-12-10T21:44:34.732214,0.915,0.085,1.0
2025-12-10T21:44:35.398845,0.915,0.085,1.0
2025-12-10T21:44:36.043738,0.925,0.075,1.0
2025-12-10T21:44:36.713144,0.96,0.04,1.0
2025-12-10T21:44:37.415600,0.975,0.025,1.0
2025-12-10T21:44:38.053584,0.975,0.025,1.0
2025-12-10T21:44:38.774544,0.975,0.025,1.0
2025-12-10T21:44:39.427103,0.975,0.025,1.0
2025-12-10T21:44:38.478711,0.975,0.025,1.0
2025-12-10T21:44:39.195949,0.975,0.025,1.0
2025-12-10T21:44:39.937160,0.975,0.025,1.0
2025-12-10T21:44:40.670381,0.975,0.025,1.0
2025-12-10T21:44:41.379967,0.975,0.025,1.0
2025-12-10T21:44:42.033464,0.975,0.02,0.995
2025-12-10T21:44:42.760209,0.985,0.015,1.0
2025-12-10T21:44:43.413609,0.985,0.015,1.0
2025-12-10T21:44:44.065473,0.985,0.015,1.0
2025-12-10T21:44:44.751192,0.985,0.015,1.0
2025-12-10T21:44:45.500336,0.985,0.015,1.0
2025-12-10T21:44:46.197386,0.985,0.005,0.99
2025-12-10T21:44:46.860530,0.995,0.005,1.0
2025-12-10T21:44:47.546002,0.995,0.005,1.0
2025-12-10T21:44:48.195336,0.995,0.005,1.0
2025-12-10T21:44:48.838825,0.995,0.005,1.0
2025-12-10T21:44:49.489731,0.995,0.005,1.0
2025-12-10T21:44:50.179498,0.995,0.005,1.0
2025-12-10T21:44:50.808557,0.995,0.005,1.0
2025-12-10T21:44:51.436164,0.995,0.005,1.0
2025-12-10T21:44:52.116997,0.995,0.005,1.0
2025-12-10T21:44:52.757429,0.995,0.005,1.0
2025-12-10T21:44:53.377886,0.995,0.005,1.0
2025-12-10T21:44:54.037714,0.995,0.005,1.0
2025-12-10T21:44:54.746130,0.995,0.005,1.0
2025-12-10T21:44:55.409768,0.995,0.005,1.0
2025-12-10T21:44:56.038397,0.995,0.005,1.0
2025-12-10T21:44:56.704241,0.995,0.005,1.0
2025-12-10T21:44:57.503286,0.995,0.005,1.0
2025-12-10T21:44:58.157108,0.995,0.005,1.0
2025-12-10T21:44:58.857965,0.995,0.005,1.0
2025-12-10T21:44:59.528491,0.995,0.005,1.0
2025-12-10T21:45:00.281667,0.995,0.005,1.0
2025-12-10T21:45:01.027617,0.995,0.005,1.0
2025-12-10T21:45:01.646487,0.995,0.005,1.0
2025-12-10T21:45:02.280817,0.995,0.005,1.0
2025-12-10T21:45:03.244437,0.995,0.005,1.0
2025-12-10T21:45:03.880150,0.995,0.005,1.0
2025-12-10T21:45:04.545619,0.995,0.005,1.0
2025-12-10T21:45:05.232347,0.995,0.005,1.0
2025-12-10T21:45:05.847997,0.995,0.005,1.0
2025-12-10T21:45:06.538859,0.995,0.005,1.0
2025-12-10T21:45:07.198251,0.995,0.005,1.0
2025-12-10T21:45:07.851956,0.995,0.005,1.0
2025-12-10T21:45:08.754239,0.995,0.005,1.0
2025-12-10T21:45:09.386937,0.995,0.005,1.0
2025-12-10T21:45:08.373899,0.995,0.005,1.0
2025-12-10T21:45:09.015503,0.995,0.005,1.0
2025-12-10T21:45:09.655666,0.995,0.005,1.0
2025-12-10T21:45:10.345949,0.995,0.005,1.0
2025-12-10T21:45:10.977436,0.995,0.005,1.0
2025-12-10T21:45:11.652203,0.995,0.005,1.0
2025-12-10T21:45:12.328327,0.995,0.005,1.0
2025-12-10T21:45:13.010117,0.995,0.005,1.0
2025-12-10T21:45:13.652485,0.995,0.005,1.0
2025-12-10T21:45:14.391992,0.995,0.005,1.0
2025-12-10T21:45:15.133098,0.995,0.005,1.0
2025-12-10T21:45:15.852959,0.995,0.005,1.0
2025-12-10T21:45:16.541912,0.995,0.005,1.0
2025-12-10T21:45:17.189926,0.995,0.005,1.0
2025-12-10T21:45:17.820275,0.995,0.005,1.0
2025-12-10T21:45:18.525664,0.995,0.005,1.0
2025-12-10T21:45:19.149434,0.995,0.005,1.0
2025-12-10T21:45:19.825868,0.995,0.005,1.0
2025-12-10T21:45:20.477539,0.995,0.005,1.0
2025-12-10T21:45:21.106050,0.995,0.005,1.0
2025-12-10T21:45:21.747638,0.995,0.005,1.0
2025-12-10T21:45:22.421561,0.995,0.005,1.0
2025-12-10T21:45:23.098694,0.995,0.005,1.0
2025-12-10T21:45:23.732512,0.995,0.005,1.0
2025-12-10T21:45:24.417144,0.995,0.005,1.0
2025-12-10T21:45:25.076714,0.995,0.005,1.0
2025-12-10T21:45:25.766129,0.995,0.005,1.0
2025-12-10T21:45:26.407459,0.995,0.005,1.0
2025-12-10T21:45:27.049514,0.995,0.005,1.0
2025-12-10T21:45:27.736239,0.995,0.005,1.0
2025-12-10T21:45:28.358763,0.995,0.005,1.0
2025-12-10T21:45:29.040644,0.995,0.005,1.0
2025-12-10T21:45:29.730410,0.995,0.005,1.0
2025-12-10T21:45:30.401860,0.995,0.005,1.0
2025-12-10T21:45:31.070259,0.995,0.005,1.0
2025-12-10T21:45:31.753815,0.995,0.005,1.0
2025-12-10T21:45:32.504067,0.995,0.005,1.0
2025-12-10T21:45:33.127477,0.995,0.005,1.0
2025-12-10T21:45:33.754825,0.995,0.005,1.0
2025-12-10T21:45:34.474258,0.995,0.005,1.0
2025-12-10T21:45:35.096179,0.995,0.005,1.0
2025-12-10T21:45:35.824863,0.995,0.005,1.0
2025-12-10T21:45:36.490104,0.995,0.005,1.0
2025-12-10T21:45:37.184885,0.995,0.005,1.0
2025-12-10T21:45:37.877428,0.995,0.005,1.0
2025-12-10T21:45:38.522651,0.995,0.005,1.0
2025-12-10T21:45:39.252357,0.995,0.005,1.0
2025-12-10T21:45:39.923326,0.995,0.005,1.0
2025-12-10T21:45:38.957186,0.995,0.005,1.0
2025-12-10T21:45:39.613869,0.995,0.005,1.0
2025-12-10T21:45:40.258982,0.995,0.005,1.0
2025-12-10T21:45:40.907240,0.995,0.005,1.0
2025-12-10T21:45:41.636621,0.995,0.005,1.0
2025-12-10T21:45:42.268358,0.995,0.005,1.0
2025-12-10T21:45:42.891516,0.995,0.005,1.0
2025-12-10T21:45:43.513337,0.995,0.005,1.0
2025-12-10T21:45:44.163224,0.995,0.005,1.0
2025-12-10T21:45:44.811598,0.995,0.005,1.0
2025-12-10T21:45:45.459496,0.995,0.005,1.0
2025-12-10T21:45:46.263395,0.995,0.005,1.0
2025-12-10T21:45:46.898316,0.995,0.005,1.0
2025-12-10T21:45:47.606033,0.995,0.005,1.0
2025-12-10T21:45:48.247423,0.995,0.005,1.0
2025-12-10T21:45:48.901693,0.995,0.005,1.0
2025-12-10T21:45:49.596363,0.995,0.005,1.0
2025-12-10T21:45:50.279678,0.995,0.005,1.0
2025-12-10T21:45:50.972927,0.995,0.005,1.0
2025-12-10T21:45:51.619876,0.995,0.005,1.0
2025-12-10T21:45:52.339029,0.995,0.005,1.0
2025-12-10T21:45:52.974820,0.995,0.005,1.0
2025-12-10T21:45:53.659436,0.995,0.005,1.0
2025-12-10T21:45:54.295646,0.995,0.005,1.0
2025-12-10T21:45:55.308502,0.995,0.005,1.0
2025-12-10T21:45:55.997715,0.995,0.005,1.0
2025-12-10T21:45:56.671364,0.995,0.005,1.0
2025-12-10T21:45:57.334432,0.995,0.005,1.0
2025-12-10T21:45:57.965019,0.995,0.005,1.0
2025-12-10T21:45:58.691291,0.995,0.005,1.0
2025-12-10T21:45:59.354188,0.995,0.005,1.0
