timestamp,price_yes,price_no,sum_prices
2025-12-11T01:46:00.331741,0.615,0.385,1.0
2025-12-11T01:46:00.945198,0.625,0.375,1.0
2025-12-11T01:46:01.556755,0.62,0.38,1.0
2025-12-11T01:46:02.170894,0.625,0.37,0.995
2025-12-11T01:46:02.787929,0.635,0.365,1.0
2025-12-11T01:46:03.403082,0.645,0.355,1.0
2025-12-11T01:46:04.021561,0.595,0.395,0.99
2025-12-11T01:46:04.630786,0.585,0.415,1.0
2025-12-11T01:46:05.236456,0.59,0.405,0.995
2025-12-11T01:46:05.857688,0.595,0.405,1.0
2025-12-11T01:46:06.470156,0.595,0.4,0.995
2025-12-11T01:46:07.088781,0.595,0.41,1.005
2025-12-11T01:46:07.699315,0.565,0.435,1.0
2025-12-11T01:46:08.310832,0.56,0.44,1.0
2025-12-11T01:46:07.342412,0.555,0.445,1.0
2025-12-11T01:46:07.953470,0.545,0.455,1.0
2025-12-11T01:46:08.568706,0.545,0.455,1.0
2025-12-11T01:46:09.184961,0.545,0.455,1.0
2025-12-11T01:46:09.802483,0.535,0.47,1.005
2025-12-11T01:46:10.416462,0.53,0.47,1.0
2025-12-11T01:46:11.030810,0.53,0.47,1.0
2025-12-11T01:46:11.626733,0.525,0.475,1.0
2025-12-11T01:46:12.238189,0.515,0.48,0.995
2025-12-11T01:46:12.853421,0.525,0.475,1.0
2025-12-11T01:46:13.466351,0.525,0.475,1.0
2025-12-11T01:46:14.082917,0.535,0.465,1.0
2025-12-11T01:46:14.737871,0.535,0.465,1.0
2025-12-11T01:46:15.350608,0.515,0.485,1.0
2025-12-11T01:46:15.966456,0.515,0.485,1.0
2025-12-11T01:46:16.592890,0.545,0.455,1.0
2025-12-11T01:46:17.205351,0.565,0.42,0.9849999999999999
2025-12-11T01:46:17.813570,0.58,0.42,1.0
2025-12-11T01:46:18.425441,0.575,0.425,1.0
2025-12-11T01:46:19.045093,0.58,0.42,1.0
2025-12-11T01:46:19.642981,0.585,0.415,1.0
2025-12-11T01:46:20.253276,0.595,0.405,1.0
2025-12-11T01:46:20.858591,0.595,0.405,1.0
2025-12-11T01:46:21.475020,0.605,0.395,1.0
2025-12-11T01:46:22.100856,0.605,0.395,1.0
2025-12-11T01:46:22.708338,0.59,0.41,1.0
2025-12-11T01:46:23.322947,0.59,0.4,0.99
2025-12-11T01:46:24.014010,0.6,0.4,1.0
2025-12-11T01:46:24.631629,0.595,0.405,1.0
2025-12-11T01:46:25.259975,0.59,0.43,1.02
2025-12-11T01:46:25.864498,0.555,0.445,1.0
2025-12-11T01:46:26.468732,0.555,0.445,1.0
2025-12-11T01:46:27.069532,0.565,0.43,0.9949999999999999
2025-12-11T01:46:27.684179,0.575,0.425,1.0
2025-12-11T01:46:28.295508,0.565,0.435,1.0
2025-12-11T01:46:28.908737,0.565,0.435,1.0
2025-12-11T01:46:29.531806,0.55,0.45,1.0
2025-12-11T01:46:30.150685,0.545,0.47,1.0150000000000001
2025-12-11T01:46:30.749857,0.525,0.475,1.0
2025-12-11T01:46:31.358672,0.525,0.475,1.0
2025-12-11T01:46:31.974659,0.515,0.485,1.0
2025-12-11T01:46:32.588261,0.505,0.495,1.0
2025-12-11T01:46:33.187869,0.525,0.48,1.005
2025-12-11T01:46:33.798923,0.525,0.475,1.0
2025-12-11T01:46:34.419675,0.515,0.485,1.0
2025-12-11T01:46:35.027443,0.505,0.5,1.005
2025-12-11T01:46:35.626225,0.495,0.505,1.0
2025-12-11T01:46:36.245829,0.475,0.525,1.0
2025-12-11T01:46:36.861431,0.475,0.525,1.0
2025-12-11T01:46:37.493619,0.475,0.525,1.0
2025-12-11T01:46:38.104478,0.465,0.535,1.0
2025-12-11T01:46:38.714678,0.455,0.545,1.0
2025-12-11T01:46:39.325132,0.455,0.545,1.0
2025-12-11T01:46:38.354726,0.435,0.565,1.0
2025-12-11T01:46:38.968438,0.435,0.565,1.0
2025-12-11T01:46:39.583792,0.435,0.565,1.0
2025-12-11T01:46:40.198350,0.425,0.575,1.0
2025-12-11T01:46:40.816386,0.415,0.585,1.0
2025-12-11T01:46:41.429192,0.415,0.585,1.0
2025-12-11T01:46:42.024418,0.405,0.595,1.0
2025-12-11T01:46:42.637092,0.405,0.595,1.0
2025-12-11T01:46:43.280120,0.405,0.6,1.005
2025-12-11T01:46:43.902192,0.395,0.605,1.0
2025-12-11T01:46:44.511260,0.385,0.615,1.0
2025-12-11T01:46:45.132663,0.385,0.615,1.0
2025-12-11T01:46:45.745824,0.395,0.605,1.0
2025-12-11T01:46:46.347699,0.39,0.61,1.0
2025-12-11T01:46:46.945204,0.39,0.61,1.0
2025-12-11T01:46:47.553518,0.375,0.625,1.0
2025-12-11T01:46:48.172323,0.375,0.625,1.0
2025-12-11T01:46:48.780933,0.375,0.63,1.005
2025-12-11T01:46:49.396275,0.385,0.615,1.0
2025-12-11T01:46:50.007251,0.395,0.605,1.0
2025-12-11T01:46:50.611435,0.405,0.595,1.0
2025-12-11T01:46:51.212548,0.405,0.595,1.0
2025-12-11T01:46:51.819334,0.405,0.595,1.0
2025-12-11T01:46:52.422898,0.405,0.595,1.0
2025-12-11T01:46:53.028777,0.405,0.595,1.0
2025-12-11T01:46:53.645756,0.425,0.575,1.0
2025-12-11T01:46:54.259038,0.425,0.575,1.0
2025-12-11T01:46:54.878227,0.42,0.58,1.0
2025-12-11T01:46:55.494483,0.415,0.585,1.0
2025-12-11T01:46:56.121673,0.4,0.595,0.995
2025-12-11T01:46:56.753336,0.41,0.59,1.0
2025-12-11T01:46:57.365671,0.44,0.555,0.9950000000000001
2025-12-11T01:46:57.979587,0.435,0.565,1.0
2025-12-11T01:46:58.577471,0.415,0.585,1.0
2025-12-11T01:46:59.194710,0.42,0.58,1.0
2025-12-11T01:46:59.809182,0.42,0.58,1.0
2025-12-11T01:47:00.423981,0.425,0.575,1.0
2025-12-11T01:47:01.043250,0.42,0.58,1.0
2025-12-11T01:47:01.659681,0.415,0.585,1.0
2025-12-11T01:47:02.269000,0.405,0.6,1.005
2025-12-11T01:47:02.883715,0.385,0.615,1.0
2025-12-11T01:47:03.495949,0.365,0.635,1.0
2025-12-11T01:47:04.109264,0.36,0.64,1.0
2025-12-11T01:47:04.713474,0.36,0.64,1.0
2025-12-11T01:47:05.325800,0.375,0.625,1.0
2025-12-11T01:47:05.938724,0.355,0.65,1.005
2025-12-11T01:47:06.558299,0.355,0.645,1.0
2025-12-11T01:47:07.161989,0.365,0.635,1.0
2025-12-11T01:47:07.765994,0.365,0.635,1.0
2025-12-11T01:47:08.376722,0.37,0.625,0.995
2025-12-11T01:47:08.986986,0.37,0.63,1.0
2025-12-11T01:47:09.601524,0.365,0.635,1.0
2025-12-11T01:47:08.612820,0.35,0.65,1.0
2025-12-11T01:47:09.214387,0.345,0.655,1.0
2025-12-11T01:47:09.824162,0.36,0.64,1.0
2025-12-11T01:47:10.439010,0.335,0.665,1.0
2025-12-11T01:47:11.044153,0.335,0.665,1.0
2025-12-11T01:47:11.640459,0.325,0.675,1.0
2025-12-11T01:47:12.244143,0.325,0.675,1.0
2025-12-11T01:47:12.857441,0.315,0.685,1.0
2025-12-11T01:47:13.467152,0.315,0.685,1.0
2025-12-11T01:47:14.065577,0.32,0.68,1.0
2025-12-11T01:47:14.673719,0.315,0.685,1.0
2025-12-11T01:47:15.286520,0.32,0.68,1.0
2025-12-11T01:47:15.884321,0.325,0.67,0.9950000000000001
2025-12-11T01:47:16.494453,0.34,0.66,1.0
2025-12-11T01:47:17.094573,0.345,0.655,1.0
2025-12-11T01:47:17.705280,0.355,0.645,1.0
2025-12-11T01:47:18.312669,0.355,0.645,1.0
2025-12-11T01:47:18.922950,0.355,0.645,1.0
2025-12-11T01:47:19.542921,0.365,0.635,1.0
2025-12-11T01:47:20.160294,0.355,0.65,1.005
2025-12-11T01:47:20.774122,0.345,0.655,1.0
2025-12-11T01:47:21.459606,0.35,0.65,1.0
2025-12-11T01:47:22.055598,0.345,0.655,1.0
2025-12-11T01:47:22.673571,0.34,0.66,1.0
2025-12-11T01:47:23.299931,0.34,0.66,1.0
2025-12-11T01:47:23.922440,0.36,0.64,1.0
2025-12-11T01:47:24.525325,0.385,0.61,0.995
2025-12-11T01:47:25.132638,0.395,0.605,1.0
2025-12-11T01:47:25.749328,0.395,0.595,0.99
2025-12-11T01:47:26.353914,0.4,0.605,1.005
2025-12-11T01:47:26.975167,0.38,0.625,1.005
2025-12-11T01:47:27.587414,0.385,0.615,1.0
2025-12-11T01:47:28.190542,0.395,0.605,1.0
2025-12-11T01:47:28.823967,0.395,0.605,1.0
2025-12-11T01:47:29.438991,0.395,0.605,1.0
2025-12-11T01:47:30.064118,0.37,0.63,1.0
2025-12-11T01:47:30.679500,0.375,0.625,1.0
2025-12-11T01:47:31.283628,0.375,0.625,1.0
2025-12-11T01:47:31.894034,0.37,0.625,0.995
2025-12-11T01:47:32.501368,0.37,0.63,1.0
2025-12-11T01:47:33.113413,0.365,0.635,1.0
2025-12-11T01:47:33.724464,0.365,0.635,1.0
2025-12-11T01:47:34.334579,0.37,0.625,0.995
2025-12-11T01:47:34.945086,0.395,0.605,1.0
2025-12-11T01:47:35.565935,0.395,0.605,1.0
2025-12-11T01:47:36.176152,0.385,0.61,0.995
2025-12-11T01:47:36.778993,0.385,0.615,1.0
2025-12-11T01:47:37.388773,0.385,0.615,1.0
2025-12-11T01:47:38.002656,0.375,0.625,1.0
2025-12-11T01:47:38.620232,0.375,0.625,1.0
2025-12-11T01:47:39.233334,0.375,0.625,1.0
2025-12-11T01:47:39.844583,0.375,0.625,1.0
2025-12-11T01:47:40.451598,0.375,0.625,1.0
2025-12-11T01:47:39.446184,0.385,0.615,1.0
2025-12-11T01:47:40.056549,0.395,0.61,1.005
2025-12-11T01:47:40.669584,0.385,0.615,1.0
2025-12-11T01:47:41.283212,0.385,0.615,1.0
2025-12-11T01:47:41.923546,0.385,0.615,1.0
2025-12-11T01:47:42.538772,0.385,0.615,1.0
2025-12-11T01:47:43.171493,0.385,0.615,1.0
2025-12-11T01:47:43.784295,0.37,0.63,1.0
2025-12-11T01:47:44.404026,0.365,0.635,1.0
2025-12-11T01:47:45.017735,0.375,0.625,1.0
2025-12-11T01:47:45.628196,0.37,0.63,1.0
2025-12-11T01:47:46.242742,0.37,0.63,1.0
2025-12-11T01:47:46.843110,0.365,0.635,1.0
2025-12-11T01:47:47.460984,0.355,0.645,1.0
2025-12-11T01:47:48.069363,0.355,0.645,1.0
2025-12-11T01:47:48.680753,0.355,0.645,1.0
2025-12-11T01:47:49.295566,0.355,0.645,1.0
2025-12-11T01:47:49.912409,0.355,0.645,1.0
2025-12-11T01:47:50.525341,0.355,0.645,1.0
2025-12-11T01:47:51.139502,0.355,0.645,1.0
2025-12-11T01:47:51.779778,0.355,0.645,1.0
2025-12-11T01:47:52.390201,0.355,0.645,1.0
2025-12-11T01:47:53.004491,0.365,0.635,1.0
2025-12-11T01:47:53.615992,0.365,0.635,1.0
2025-12-11T01:47:54.220349,0.365,0.635,1.0
2025-12-11T01:47:54.818738,0.365,0.635,1.0
2025-12-11T01:47:55.435258,0.365,0.635,1.0
2025-12-11T01:47:56.045735,0.37,0.63,1.0
2025-12-11T01:47:56.665302,0.38,0.62,1.0
2025-12-11T01:47:57.283706,0.385,0.615,1.0
2025-12-11T01:47:57.891658,0.36,0.635,0.995
2025-12-11T01:47:58.501805,0.345,0.655,1.0
2025-12-11T01:47:59.109701,0.355,0.645,1.0
2025-12-11T01:47:59.724779,0.355,0.645,1.0
2025-12-11T01:48:00.337284,0.355,0.645,1.0
2025-12-11T01:48:00.947772,0.37,0.625,0.995
2025-12-11T01:48:01.561956,0.375,0.625,1.0
2025-12-11T01:48:02.169483,0.385,0.61,0.995
2025-12-11T01:48:02.769453,0.395,0.605,1.0
2025-12-11T01:48:03.387456,0.405,0.595,1.0
2025-12-11T01:48:04.000726,0.405,0.595,1.0
2025-12-11T01:48:04.601689,0.395,0.605,1.0
2025-12-11T01:48:05.216647,0.395,0.605,1.0
2025-12-11T01:48:05.814571,0.43,0.57,1.0
2025-12-11T01:48:06.425232,0.435,0.565,1.0
2025-12-11T01:48:07.043503,0.415,0.585,1.0
2025-12-11T01:48:07.664242,0.405,0.595,1.0
2025-12-11T01:48:08.276788,0.395,0.605,1.0
2025-12-11T01:48:08.886478,0.395,0.6,0.995
2025-12-11T01:48:09.496249,0.395,0.605,1.0
2025-12-11T01:48:10.110874,0.355,0.645,1.0
2025-12-11T01:48:10.725615,0.345,0.655,1.0
2025-12-11T01:48:09.778904,0.345,0.655,1.0
2025-12-11T01:48:10.394713,0.345,0.655,1.0
2025-12-11T01:48:11.017316,0.335,0.665,1.0
2025-12-11T01:48:11.632026,0.335,0.665,1.0
2025-12-11T01:48:12.242701,0.35,0.65,1.0
2025-12-11T01:48:12.856652,0.35,0.65,1.0
2025-12-11T01:48:13.494095,0.345,0.655,1.0
2025-12-11T01:48:14.106228,0.36,0.64,1.0
2025-12-11T01:48:14.723221,0.36,0.64,1.0
2025-12-11T01:48:15.336229,0.355,0.645,1.0
2025-12-11T01:48:15.955893,0.35,0.655,1.005
2025-12-11T01:48:16.577786,0.345,0.655,1.0
2025-12-11T01:48:17.276080,0.36,0.64,1.0
2025-12-11T01:48:17.885634,0.36,0.64,1.0
2025-12-11T01:48:18.510177,0.36,0.64,1.0
2025-12-11T01:48:19.123473,0.36,0.635,0.995
2025-12-11T01:48:19.733090,0.365,0.635,1.0
2025-12-11T01:48:20.350206,0.395,0.605,1.0
2025-12-11T01:48:20.967106,0.385,0.615,1.0
2025-12-11T01:48:21.581987,0.385,0.615,1.0
2025-12-11T01:48:22.195480,0.395,0.605,1.0
2025-12-11T01:48:22.810360,0.375,0.64,1.0150000000000001
2025-12-11T01:48:23.421437,0.36,0.64,1.0
2025-12-11T01:48:24.033074,0.355,0.645,1.0
2025-12-11T01:48:24.653688,0.36,0.635,0.995
2025-12-11T01:48:25.249055,0.36,0.64,1.0
2025-12-11T01:48:25.867490,0.385,0.615,1.0
2025-12-11T01:48:26.482664,0.37,0.635,1.005
2025-12-11T01:48:27.106957,0.355,0.645,1.0
2025-12-11T01:48:27.717407,0.345,0.655,1.0
2025-12-11T01:48:28.342265,0.345,0.655,1.0
2025-12-11T01:48:28.957579,0.345,0.655,1.0
2025-12-11T01:48:29.574281,0.345,0.655,1.0
2025-12-11T01:48:30.180216,0.345,0.65,0.995
2025-12-11T01:48:30.806337,0.355,0.645,1.0
2025-12-11T01:48:31.419639,0.355,0.645,1.0
2025-12-11T01:48:32.083583,0.335,0.67,1.0050000000000001
2025-12-11T01:48:32.698207,0.325,0.675,1.0
2025-12-11T01:48:33.304362,0.335,0.665,1.0
2025-12-11T01:48:33.938216,0.335,0.665,1.0
2025-12-11T01:48:34.545518,0.34,0.66,1.0
2025-12-11T01:48:35.165558,0.335,0.665,1.0
2025-12-11T01:48:35.792379,0.335,0.665,1.0
2025-12-11T01:48:36.413453,0.335,0.665,1.0
2025-12-11T01:48:37.030552,0.335,0.665,1.0
2025-12-11T01:48:37.644663,0.335,0.665,1.0
2025-12-11T01:48:38.260703,0.335,0.665,1.0
2025-12-11T01:48:38.882675,0.335,0.665,1.0
2025-12-11T01:48:39.488878,0.33,0.67,1.0
2025-12-11T01:48:40.088381,0.33,0.67,1.0
2025-12-11T01:48:40.704666,0.33,0.67,1.0
2025-12-11T01:48:41.312248,0.335,0.665,1.0
2025-12-11T01:48:41.913042,0.335,0.665,1.0
2025-12-11T01:48:40.945974,0.34,0.66,1.0
2025-12-11T01:48:41.557363,0.345,0.655,1.0
2025-12-11T01:48:42.172128,0.345,0.655,1.0
2025-12-11T01:48:42.769039,0.345,0.655,1.0
2025-12-11T01:48:43.379945,0.34,0.665,1.0050000000000001
2025-12-11T01:48:43.999798,0.325,0.68,1.0050000000000001
2025-12-11T01:48:44.612621,0.315,0.685,1.0
2025-12-11T01:48:45.228495,0.315,0.685,1.0
2025-12-11T01:48:45.844138,0.32,0.685,1.0050000000000001
2025-12-11T01:48:46.460950,0.315,0.685,1.0
2025-12-11T01:48:47.074522,0.315,0.685,1.0
2025-12-11T01:48:47.681341,0.31,0.69,1.0
2025-12-11T01:48:48.295243,0.305,0.695,1.0
2025-12-11T01:48:48.923277,0.305,0.69,0.9949999999999999
2025-12-11T01:48:49.539524,0.31,0.69,1.0
2025-12-11T01:48:50.149462,0.31,0.69,1.0
2025-12-11T01:48:50.767586,0.305,0.695,1.0
2025-12-11T01:48:51.383397,0.305,0.695,1.0
2025-12-11T01:48:52.012114,0.295,0.705,1.0
2025-12-11T01:48:52.632305,0.28,0.705,0.985
2025-12-11T01:48:53.231365,0.295,0.705,1.0
2025-12-11T01:48:53.831673,0.285,0.715,1.0
2025-12-11T01:48:54.442961,0.275,0.725,1.0
2025-12-11T01:48:55.041677,0.275,0.73,1.005
2025-12-11T01:48:55.648190,0.285,0.715,1.0
2025-12-11T01:48:56.275491,0.27,0.73,1.0
2025-12-11T01:48:56.884442,0.26,0.74,1.0
2025-12-11T01:48:57.487177,0.255,0.745,1.0
2025-12-11T01:48:58.092737,0.255,0.745,1.0
2025-12-11T01:48:58.703750,0.25,0.75,1.0
2025-12-11T01:48:59.300721,0.265,0.735,1.0
2025-12-11T01:48:59.900424,0.245,0.755,1.0
2025-12-11T01:49:00.505202,0.245,0.755,1.0
2025-12-11T01:49:01.124184,0.225,0.775,1.0
2025-12-11T01:49:01.742947,0.205,0.79,0.995
2025-12-11T01:49:02.351979,0.215,0.78,0.995
2025-12-11T01:49:02.957499,0.23,0.775,1.0050000000000001
2025-12-11T01:49:03.563460,0.22,0.78,1.0
2025-12-11T01:49:04.173548,0.215,0.785,1.0
2025-12-11T01:49:04.774346,0.22,0.78,1.0
2025-12-11T01:49:05.392146,0.225,0.775,1.0
2025-12-11T01:49:06.006389,0.24,0.76,1.0
2025-12-11T01:49:06.620058,0.235,0.765,1.0
2025-12-11T01:49:07.214796,0.24,0.76,1.0
2025-12-11T01:49:07.818341,0.24,0.76,1.0
2025-12-11T01:49:08.430152,0.225,0.775,1.0
2025-12-11T01:49:09.036211,0.225,0.775,1.0
2025-12-11T01:49:09.645438,0.25,0.75,1.0
2025-12-11T01:49:10.257710,0.255,0.745,1.0
2025-12-11T01:49:10.857200,0.245,0.765,1.01
2025-12-11T01:49:11.476654,0.215,0.785,1.0
2025-12-11T01:49:12.112734,0.21,0.79,1.0
2025-12-11T01:49:11.148857,0.21,0.79,1.0
2025-12-11T01:49:11.768352,0.205,0.795,1.0
2025-12-11T01:49:12.379757,0.195,0.805,1.0
2025-12-11T01:49:12.994016,0.2,0.805,1.0050000000000001
2025-12-11T01:49:13.609977,0.195,0.805,1.0
2025-12-11T01:49:14.217168,0.2,0.8,1.0
2025-12-11T01:49:14.836814,0.205,0.795,1.0
2025-12-11T01:49:15.436495,0.205,0.795,1.0
2025-12-11T01:49:16.047201,0.205,0.795,1.0
2025-12-11T01:49:16.653817,0.2,0.8,1.0
2025-12-11T01:49:17.268499,0.195,0.805,1.0
2025-12-11T01:49:17.928189,0.21,0.79,1.0
2025-12-11T01:49:18.537867,0.225,0.775,1.0
2025-12-11T01:49:19.150568,0.22,0.785,1.0050000000000001
2025-12-11T01:49:19.822768,0.215,0.775,0.99
2025-12-11T01:49:20.425721,0.23,0.77,1.0
2025-12-11T01:49:21.044829,0.23,0.775,1.0050000000000001
2025-12-11T01:49:21.661440,0.23,0.77,1.0
2025-12-11T01:49:22.272194,0.225,0.775,1.0
2025-12-11T01:49:22.880492,0.225,0.775,1.0
2025-12-11T01:49:23.487747,0.225,0.775,1.0
2025-12-11T01:49:24.097611,0.22,0.78,1.0
2025-12-11T01:49:24.699680,0.215,0.785,1.0
2025-12-11T01:49:25.313575,0.205,0.795,1.0
2025-12-11T01:49:25.915908,0.205,0.795,1.0
2025-12-11T01:49:26.529417,0.23,0.775,1.0050000000000001
2025-12-11T01:49:27.143352,0.22,0.78,1.0
2025-12-11T01:49:27.764138,0.23,0.77,1.0
2025-12-11T01:49:28.382193,0.23,0.775,1.0050000000000001
2025-12-11T01:49:28.985863,0.22,0.78,1.0
2025-12-11T01:49:29.599553,0.22,0.78,1.0
2025-12-11T01:49:30.199746,0.22,0.78,1.0
2025-12-11T01:49:30.816622,0.23,0.77,1.0
2025-12-11T01:49:31.430825,0.23,0.77,1.0
2025-12-11T01:49:32.046646,0.235,0.765,1.0
2025-12-11T01:49:32.657665,0.235,0.765,1.0
2025-12-11T01:49:33.271316,0.235,0.765,1.0
2025-12-11T01:49:33.894025,0.235,0.765,1.0
2025-12-11T01:49:34.503984,0.235,0.765,1.0
2025-12-11T01:49:35.124407,0.235,0.765,1.0
2025-12-11T01:49:35.747579,0.235,0.765,1.0
2025-12-11T01:49:36.356061,0.235,0.765,1.0
2025-12-11T01:49:36.969295,0.235,0.765,1.0
2025-12-11T01:49:37.587807,0.24,0.76,1.0
2025-12-11T01:49:38.192357,0.24,0.76,1.0
2025-12-11T01:49:38.815133,0.245,0.755,1.0
2025-12-11T01:49:39.429128,0.245,0.755,1.0
2025-12-11T01:49:40.040906,0.245,0.755,1.0
2025-12-11T01:49:40.653652,0.245,0.755,1.0
2025-12-11T01:49:41.271884,0.255,0.745,1.0
2025-12-11T01:49:41.890155,0.255,0.75,1.005
2025-12-11T01:49:42.513257,0.255,0.745,1.0
2025-12-11T01:49:43.125104,0.265,0.735,1.0
2025-12-11T01:49:42.148209,0.255,0.745,1.0
2025-12-11T01:49:42.769589,0.255,0.745,1.0
2025-12-11T01:49:43.381602,0.275,0.725,1.0
2025-12-11T01:49:43.993407,0.29,0.71,1.0
2025-12-11T01:49:44.595219,0.295,0.705,1.0
2025-12-11T01:49:45.221629,0.295,0.695,0.99
2025-12-11T01:49:45.830171,0.315,0.685,1.0
2025-12-11T01:49:46.443273,0.345,0.655,1.0
2025-12-11T01:49:47.055752,0.36,0.635,0.995
2025-12-11T01:49:47.661862,0.395,0.605,1.0
2025-12-11T01:49:48.274027,0.395,0.605,1.0
2025-12-11T01:49:48.887406,0.395,0.605,1.0
2025-12-11T01:49:49.493835,0.39,0.61,1.0
2025-12-11T01:49:50.104901,0.375,0.625,1.0
2025-12-11T01:49:50.719258,0.375,0.625,1.0
2025-12-11T01:49:51.338081,0.38,0.615,0.995
2025-12-11T01:49:51.950206,0.38,0.62,1.0
2025-12-11T01:49:52.562226,0.38,0.62,1.0
2025-12-11T01:49:53.173583,0.375,0.625,1.0
2025-12-11T01:49:53.793525,0.355,0.645,1.0
2025-12-11T01:49:54.409469,0.355,0.645,1.0
2025-12-11T01:49:55.007828,0.355,0.645,1.0
2025-12-11T01:49:55.620682,0.345,0.655,1.0
2025-12-11T01:49:56.224464,0.35,0.65,1.0
2025-12-11T01:49:56.838309,0.35,0.65,1.0
2025-12-11T01:49:57.452928,0.36,0.64,1.0
2025-12-11T01:49:58.063867,0.365,0.635,1.0
2025-12-11T01:49:58.670005,0.385,0.61,0.995
2025-12-11T01:49:59.285968,0.395,0.605,1.0
2025-12-11T01:49:59.896939,0.395,0.61,1.005
2025-12-11T01:50:00.491954,0.385,0.615,1.0
2025-12-11T01:50:01.107960,0.385,0.615,1.0
2025-12-11T01:50:01.716167,0.395,0.605,1.0
2025-12-11T01:50:02.330357,0.39,0.61,1.0
2025-12-11T01:50:02.930571,0.38,0.625,1.005
2025-12-11T01:50:03.545253,0.36,0.645,1.005
2025-12-11T01:50:04.156241,0.335,0.665,1.0
2025-12-11T01:50:04.774818,0.325,0.655,0.98
2025-12-11T01:50:05.389386,0.335,0.665,1.0
2025-12-11T01:50:05.999446,0.325,0.675,1.0
2025-12-11T01:50:06.617405,0.325,0.675,1.0
2025-12-11T01:50:07.230240,0.335,0.66,0.9950000000000001
2025-12-11T01:50:07.859453,0.34,0.66,1.0
2025-12-11T01:50:08.478887,0.37,0.63,1.0
2025-12-11T01:50:09.095050,0.365,0.635,1.0
2025-12-11T01:50:09.713477,0.375,0.625,1.0
2025-12-11T01:50:10.325858,0.375,0.625,1.0
2025-12-11T01:50:10.933746,0.365,0.635,1.0
2025-12-11T01:50:11.543151,0.375,0.625,1.0
2025-12-11T01:50:12.180064,0.345,0.65,0.995
2025-12-11T01:50:12.796996,0.35,0.65,1.0
2025-12-11T01:50:13.410555,0.35,0.65,1.0
2025-12-11T01:50:12.495380,0.35,0.65,1.0
2025-12-11T01:50:13.109895,0.35,0.65,1.0
2025-12-11T01:50:13.722428,0.35,0.65,1.0
2025-12-11T01:50:14.337208,0.345,0.655,1.0
2025-12-11T01:50:14.936166,0.345,0.655,1.0
2025-12-11T01:50:15.549287,0.345,0.65,0.995
2025-12-11T01:50:16.162273,0.365,0.635,1.0
2025-12-11T01:50:16.776275,0.375,0.625,1.0
2025-12-11T01:50:17.395996,0.375,0.63,1.005
2025-12-11T01:50:18.009611,0.37,0.63,1.0
2025-12-11T01:50:18.628800,0.365,0.635,1.0
2025-12-11T01:50:19.240205,0.37,0.63,1.0
2025-12-11T01:50:19.855708,0.38,0.615,0.995
2025-12-11T01:50:20.469024,0.4,0.59,0.99
2025-12-11T01:50:21.085073,0.455,0.545,1.0
2025-12-11T01:50:21.702534,0.455,0.545,1.0
2025-12-11T01:50:22.320259,0.455,0.545,1.0
2025-12-11T01:50:22.931511,0.44,0.565,1.005
2025-12-11T01:50:23.548573,0.425,0.575,1.0
2025-12-11T01:50:24.158081,0.42,0.585,1.005
2025-12-11T01:50:24.782092,0.415,0.61,1.025
2025-12-11T01:50:25.394729,0.39,0.61,1.0
2025-12-11T01:50:26.013767,0.37,0.63,1.0
2025-12-11T01:50:26.624666,0.375,0.625,1.0
2025-12-11T01:50:27.239269,0.365,0.635,1.0
2025-12-11T01:50:27.854420,0.365,0.635,1.0
2025-12-11T01:50:28.476916,0.365,0.635,1.0
2025-12-11T01:50:29.089468,0.365,0.635,1.0
2025-12-11T01:50:29.702569,0.365,0.635,1.0
2025-12-11T01:50:30.317874,0.365,0.635,1.0
2025-12-11T01:50:30.919167,0.365,0.635,1.0
2025-12-11T01:50:31.543143,0.365,0.635,1.0
2025-12-11T01:50:32.159277,0.365,0.635,1.0
2025-12-11T01:50:32.770834,0.35,0.65,1.0
2025-12-11T01:50:33.387991,0.35,0.65,1.0
2025-12-11T01:50:34.058900,0.345,0.655,1.0
2025-12-11T01:50:34.678901,0.325,0.675,1.0
2025-12-11T01:50:35.291081,0.33,0.67,1.0
2025-12-11T01:50:35.905105,0.33,0.67,1.0
2025-12-11T01:50:36.516361,0.33,0.67,1.0
2025-12-11T01:50:37.128715,0.33,0.67,1.0
2025-12-11T01:50:37.743154,0.325,0.675,1.0
2025-12-11T01:50:38.357141,0.325,0.675,1.0
2025-12-11T01:50:38.967914,0.33,0.67,1.0
2025-12-11T01:50:39.583792,0.325,0.675,1.0
2025-12-11T01:50:40.201777,0.32,0.68,1.0
2025-12-11T01:50:40.816666,0.32,0.68,1.0
2025-12-11T01:50:41.433065,0.31,0.69,1.0
2025-12-11T01:50:42.050420,0.315,0.685,1.0
2025-12-11T01:50:42.667501,0.315,0.685,1.0
2025-12-11T01:50:43.283048,0.315,0.685,1.0
2025-12-11T01:50:43.924786,0.305,0.7,1.005
2025-12-11T01:50:44.546219,0.3,0.7,1.0
2025-12-11T01:50:43.570988,0.3,0.7,1.0
2025-12-11T01:50:44.188155,0.3,0.7,1.0
2025-12-11T01:50:44.802810,0.3,0.7,1.0
2025-12-11T01:50:45.403946,0.3,0.7,1.0
2025-12-11T01:50:46.020296,0.305,0.7,1.005
2025-12-11T01:50:46.629395,0.31,0.69,1.0
2025-12-11T01:50:47.247930,0.31,0.69,1.0
2025-12-11T01:50:47.862518,0.31,0.69,1.0
2025-12-11T01:50:48.473123,0.31,0.69,1.0
2025-12-11T01:50:49.083967,0.305,0.695,1.0
2025-12-11T01:50:49.697623,0.295,0.705,1.0
2025-12-11T01:50:50.309304,0.3,0.7,1.0
2025-12-11T01:50:50.935708,0.285,0.715,1.0
2025-12-11T01:50:51.545674,0.275,0.73,1.005
2025-12-11T01:50:52.162709,0.275,0.725,1.0
2025-12-11T01:50:52.778122,0.265,0.735,1.0
2025-12-11T01:50:53.388783,0.245,0.755,1.0
2025-12-11T01:50:53.989085,0.25,0.75,1.0
2025-12-11T01:50:54.611382,0.245,0.755,1.0
2025-12-11T01:50:55.228941,0.245,0.755,1.0
2025-12-11T01:50:55.839552,0.24,0.76,1.0
2025-12-11T01:50:56.454542,0.235,0.765,1.0
2025-12-11T01:50:57.070418,0.235,0.76,0.995
2025-12-11T01:50:57.682046,0.255,0.745,1.0
2025-12-11T01:50:58.297018,0.28,0.72,1.0
2025-12-11T01:50:58.912536,0.29,0.71,1.0
2025-12-11T01:50:59.525895,0.29,0.71,1.0
2025-12-11T01:51:00.126523,0.3,0.7,1.0
2025-12-11T01:51:00.739483,0.3,0.7,1.0
2025-12-11T01:51:01.339946,0.295,0.705,1.0
2025-12-11T01:51:01.955477,0.31,0.69,1.0
2025-12-11T01:51:02.567246,0.315,0.685,1.0
2025-12-11T01:51:03.195432,0.335,0.665,1.0
2025-12-11T01:51:03.807938,0.335,0.665,1.0
2025-12-11T01:51:04.428793,0.335,0.665,1.0
2025-12-11T01:51:05.039589,0.335,0.66,0.9950000000000001
2025-12-11T01:51:05.652354,0.335,0.665,1.0
2025-12-11T01:51:06.275755,0.33,0.67,1.0
2025-12-11T01:51:06.886606,0.33,0.67,1.0
2025-12-11T01:51:07.518774,0.33,0.67,1.0
2025-12-11T01:51:08.139642,0.33,0.67,1.0
2025-12-11T01:51:08.752035,0.345,0.655,1.0
2025-12-11T01:51:09.351609,0.34,0.66,1.0
2025-12-11T01:51:09.974130,0.335,0.655,0.99
2025-12-11T01:51:10.580643,0.31,0.685,0.9950000000000001
2025-12-11T01:51:11.179607,0.325,0.675,1.0
2025-12-11T01:51:11.793246,0.325,0.68,1.0050000000000001
2025-12-11T01:51:12.404265,0.325,0.675,1.0
2025-12-11T01:51:13.017191,0.32,0.68,1.0
2025-12-11T01:51:13.629052,0.315,0.685,1.0
2025-12-11T01:51:14.236926,0.315,0.685,1.0
2025-12-11T01:51:14.847428,0.31,0.69,1.0
2025-12-11T01:51:13.871177,0.315,0.685,1.0
2025-12-11T01:51:14.479605,0.305,0.695,1.0
2025-12-11T01:51:15.093943,0.25,0.75,1.0
2025-12-11T01:51:15.707726,0.24,0.76,1.0
2025-12-11T01:51:16.320059,0.235,0.765,1.0
2025-12-11T01:51:16.932339,0.245,0.75,0.995
2025-12-11T01:51:17.544771,0.225,0.77,0.995
2025-12-11T01:51:18.158414,0.225,0.775,1.0
2025-12-11T01:51:18.774020,0.235,0.765,1.0
2025-12-11T01:51:19.382227,0.235,0.765,1.0
2025-12-11T01:51:19.994940,0.235,0.765,1.0
2025-12-11T01:51:20.593954,0.235,0.765,1.0
2025-12-11T01:51:21.208147,0.235,0.765,1.0
2025-12-11T01:51:21.813499,0.235,0.765,1.0
2025-12-11T01:51:22.418042,0.23,0.775,1.0050000000000001
2025-12-11T01:51:23.028909,0.225,0.775,1.0
2025-12-11T01:51:23.642201,0.22,0.78,1.0
2025-12-11T01:51:24.258500,0.22,0.78,1.0
2025-12-11T01:51:24.863625,0.215,0.785,1.0
2025-12-11T01:51:25.481900,0.215,0.785,1.0
2025-12-11T01:51:26.097973,0.215,0.79,1.0050000000000001
2025-12-11T01:51:26.720810,0.21,0.79,1.0
2025-12-11T01:51:27.331537,0.225,0.775,1.0
2025-12-11T01:51:28.008125,0.215,0.785,1.0
2025-12-11T01:51:28.638366,0.245,0.755,1.0
2025-12-11T01:51:29.254111,0.275,0.725,1.0
2025-12-11T01:51:29.869976,0.305,0.695,1.0
2025-12-11T01:51:30.497670,0.325,0.675,1.0
2025-12-11T01:51:31.115513,0.355,0.645,1.0
2025-12-11T01:51:31.721181,0.345,0.655,1.0
2025-12-11T01:51:32.322755,0.345,0.655,1.0
2025-12-11T01:51:32.930659,0.345,0.645,0.99
2025-12-11T01:51:33.528658,0.36,0.64,1.0
2025-12-11T01:51:34.140663,0.365,0.635,1.0
2025-12-11T01:51:34.746123,0.365,0.635,1.0
2025-12-11T01:51:35.351142,0.355,0.645,1.0
2025-12-11T01:51:35.960827,0.355,0.645,1.0
2025-12-11T01:51:36.582770,0.35,0.645,0.995
2025-12-11T01:51:37.181911,0.35,0.65,1.0
2025-12-11T01:51:37.781865,0.35,0.65,1.0
2025-12-11T01:51:38.388529,0.35,0.65,1.0
2025-12-11T01:51:38.998592,0.345,0.66,1.005
2025-12-11T01:51:39.606090,0.325,0.675,1.0
2025-12-11T01:51:40.219591,0.325,0.675,1.0
2025-12-11T01:51:40.816892,0.355,0.645,1.0
2025-12-11T01:51:41.426370,0.41,0.59,1.0
2025-12-11T01:51:42.042095,0.46,0.54,1.0
2025-12-11T01:51:42.643198,0.445,0.55,0.9950000000000001
2025-12-11T01:51:43.239827,0.465,0.535,1.0
2025-12-11T01:51:43.834175,0.455,0.545,1.0
2025-12-11T01:51:44.437559,0.445,0.565,1.01
2025-12-11T01:51:45.041961,0.435,0.565,1.0
2025-12-11T01:51:45.648642,0.44,0.56,1.0
2025-12-11T01:51:44.652527,0.435,0.565,1.0
2025-12-11T01:51:45.256084,0.425,0.575,1.0
2025-12-11T01:51:45.854726,0.43,0.57,1.0
2025-12-11T01:51:46.462749,0.435,0.56,0.9950000000000001
2025-12-11T01:51:47.063130,0.45,0.55,1.0
2025-12-11T01:51:47.667016,0.425,0.575,1.0
2025-12-11T01:51:48.291163,0.415,0.585,1.0
2025-12-11T01:51:48.890439,0.415,0.585,1.0
2025-12-11T01:51:49.495828,0.415,0.575,0.99
2025-12-11T01:51:50.105343,0.42,0.58,1.0
2025-12-11T01:51:50.706628,0.42,0.58,1.0
2025-12-11T01:51:51.310254,0.42,0.58,1.0
2025-12-11T01:51:51.908572,0.42,0.58,1.0
2025-12-11T01:51:52.514842,0.415,0.585,1.0
2025-12-11T01:51:53.122733,0.42,0.58,1.0
2025-12-11T01:51:53.722160,0.42,0.58,1.0
2025-12-11T01:51:54.328690,0.42,0.58,1.0
2025-12-11T01:51:54.938448,0.39,0.615,1.005
2025-12-11T01:51:55.541619,0.38,0.625,1.005
2025-12-11T01:51:56.141315,0.375,0.625,1.0
2025-12-11T01:51:56.749275,0.385,0.61,0.995
2025-12-11T01:51:57.370559,0.395,0.605,1.0
2025-12-11T01:51:57.974482,0.39,0.61,1.0
2025-12-11T01:51:58.575525,0.37,0.63,1.0
2025-12-11T01:51:59.172229,0.385,0.615,1.0
2025-12-11T01:51:59.786015,0.4,0.605,1.005
2025-12-11T01:52:00.393520,0.39,0.61,1.0
2025-12-11T01:52:01.018059,0.395,0.605,1.0
2025-12-11T01:52:01.623746,0.385,0.62,1.005
2025-12-11T01:52:02.223584,0.365,0.635,1.0
2025-12-11T01:52:02.831398,0.415,0.585,1.0
2025-12-11T01:52:03.440311,0.425,0.575,1.0
2025-12-11T01:52:04.051497,0.425,0.575,1.0
2025-12-11T01:52:04.651254,0.375,0.625,1.0
2025-12-11T01:52:05.257322,0.345,0.655,1.0
2025-12-11T01:52:05.851327,0.335,0.665,1.0
2025-12-11T01:52:06.459889,0.335,0.665,1.0
2025-12-11T01:52:07.067458,0.325,0.675,1.0
2025-12-11T01:52:07.666587,0.33,0.67,1.0
2025-12-11T01:52:08.275549,0.33,0.67,1.0
2025-12-11T01:52:08.889256,0.33,0.665,0.9950000000000001
2025-12-11T01:52:09.497886,0.345,0.655,1.0
2025-12-11T01:52:10.112514,0.31,0.69,1.0
2025-12-11T01:52:10.729006,0.305,0.695,1.0
2025-12-11T01:52:11.327599,0.305,0.695,1.0
2025-12-11T01:52:11.932995,0.31,0.695,1.005
2025-12-11T01:52:12.546541,0.315,0.685,1.0
2025-12-11T01:52:13.162183,0.315,0.685,1.0
2025-12-11T01:52:13.773391,0.32,0.68,1.0
2025-12-11T01:52:14.390112,0.32,0.68,1.0
2025-12-11T01:52:15.011576,0.32,0.68,1.0
2025-12-11T01:52:15.623030,0.315,0.685,1.0
2025-12-11T01:52:16.234840,0.32,0.68,1.0
2025-12-11T01:52:15.278138,0.29,0.71,1.0
2025-12-11T01:52:15.889082,0.28,0.72,1.0
2025-12-11T01:52:16.490031,0.275,0.725,1.0
2025-12-11T01:52:17.090259,0.265,0.735,1.0
2025-12-11T01:52:17.686950,0.265,0.735,1.0
2025-12-11T01:52:18.284023,0.27,0.73,1.0
2025-12-11T01:52:18.879747,0.265,0.745,1.01
2025-12-11T01:52:19.503142,0.26,0.74,1.0
2025-12-11T01:52:20.104867,0.26,0.74,1.0
2025-12-11T01:52:20.713457,0.26,0.735,0.995
2025-12-11T01:52:21.325484,0.275,0.725,1.0
2025-12-11T01:52:21.938247,0.28,0.72,1.0
2025-12-11T01:52:22.558295,0.275,0.725,1.0
2025-12-11T01:52:23.177618,0.27,0.73,1.0
2025-12-11T01:52:23.788304,0.285,0.715,1.0
2025-12-11T01:52:24.399493,0.25,0.75,1.0
2025-12-11T01:52:25.010758,0.245,0.755,1.0
2025-12-11T01:52:25.621388,0.255,0.745,1.0
2025-12-11T01:52:26.249254,0.265,0.735,1.0
2025-12-11T01:52:26.947576,0.27,0.73,1.0
2025-12-11T01:52:27.571487,0.275,0.725,1.0
2025-12-11T01:52:28.185898,0.28,0.72,1.0
2025-12-11T01:52:28.811819,0.285,0.715,1.0
2025-12-11T01:52:29.434891,0.285,0.715,1.0
2025-12-11T01:52:30.048621,0.29,0.705,0.9949999999999999
2025-12-11T01:52:30.660383,0.285,0.715,1.0
2025-12-11T01:52:31.270925,0.28,0.72,1.0
2025-12-11T01:52:31.884879,0.28,0.72,1.0
2025-12-11T01:52:32.503051,0.29,0.71,1.0
2025-12-11T01:52:33.102560,0.29,0.71,1.0
2025-12-11T01:52:33.713781,0.28,0.72,1.0
2025-12-11T01:52:34.332120,0.265,0.735,1.0
2025-12-11T01:52:34.939939,0.265,0.735,1.0
2025-12-11T01:52:35.551189,0.265,0.735,1.0
2025-12-11T01:52:36.166040,0.265,0.735,1.0
2025-12-11T01:52:36.763292,0.245,0.755,1.0
2025-12-11T01:52:37.364169,0.245,0.755,1.0
2025-12-11T01:52:37.968513,0.25,0.75,1.0
2025-12-11T01:52:38.589440,0.255,0.745,1.0
2025-12-11T01:52:39.227521,0.25,0.745,0.995
2025-12-11T01:52:39.846484,0.265,0.735,1.0
2025-12-11T01:52:40.463484,0.265,0.735,1.0
2025-12-11T01:52:41.073742,0.265,0.735,1.0
2025-12-11T01:52:41.689494,0.25,0.75,1.0
2025-12-11T01:52:42.304465,0.245,0.755,1.0
2025-12-11T01:52:42.918813,0.225,0.775,1.0
2025-12-11T01:52:43.536639,0.225,0.775,1.0
2025-12-11T01:52:44.156044,0.225,0.775,1.0
2025-12-11T01:52:44.766541,0.225,0.775,1.0
2025-12-11T01:52:45.378929,0.235,0.765,1.0
2025-12-11T01:52:45.989120,0.245,0.755,1.0
2025-12-11T01:52:46.652816,0.255,0.745,1.0
2025-12-11T01:52:45.740256,0.25,0.75,1.0
2025-12-11T01:52:46.357205,0.24,0.765,1.005
2025-12-11T01:52:46.977114,0.235,0.755,0.99
2025-12-11T01:52:47.601159,0.245,0.755,1.0
2025-12-11T01:52:48.214947,0.25,0.75,1.0
2025-12-11T01:52:48.813787,0.23,0.77,1.0
2025-12-11T01:52:49.424508,0.23,0.77,1.0
2025-12-11T01:52:50.035413,0.23,0.77,1.0
2025-12-11T01:52:50.649090,0.23,0.77,1.0
2025-12-11T01:52:51.264682,0.235,0.765,1.0
2025-12-11T01:52:51.895451,0.225,0.775,1.0
2025-12-11T01:52:52.499509,0.24,0.755,0.995
2025-12-11T01:52:53.105954,0.235,0.765,1.0
2025-12-11T01:52:53.716924,0.235,0.765,1.0
2025-12-11T01:52:54.315292,0.24,0.76,1.0
2025-12-11T01:52:54.939397,0.24,0.76,1.0
2025-12-11T01:52:55.551673,0.255,0.745,1.0
2025-12-11T01:52:56.164009,0.255,0.745,1.0
2025-12-11T01:52:56.771947,0.255,0.745,1.0
2025-12-11T01:52:57.392232,0.255,0.745,1.0
2025-12-11T01:52:58.003293,0.265,0.73,0.995
2025-12-11T01:52:58.601771,0.3,0.7,1.0
2025-12-11T01:52:59.210101,0.315,0.685,1.0
2025-12-11T01:52:59.824471,0.33,0.67,1.0
2025-12-11T01:53:00.436566,0.335,0.665,1.0
2025-12-11T01:53:01.054363,0.335,0.665,1.0
2025-12-11T01:53:01.662166,0.325,0.675,1.0
2025-12-11T01:53:02.272479,0.325,0.675,1.0
2025-12-11T01:53:02.872928,0.325,0.675,1.0
2025-12-11T01:53:03.490487,0.325,0.675,1.0
2025-12-11T01:53:04.099909,0.32,0.685,1.0050000000000001
2025-12-11T01:53:04.713396,0.325,0.675,1.0
2025-12-11T01:53:05.319519,0.325,0.675,1.0
2025-12-11T01:53:05.931018,0.335,0.665,1.0
2025-12-11T01:53:06.533904,0.35,0.65,1.0
2025-12-11T01:53:07.133666,0.355,0.645,1.0
2025-12-11T01:53:07.740721,0.345,0.655,1.0
2025-12-11T01:53:08.340731,0.385,0.61,0.995
2025-12-11T01:53:08.935370,0.395,0.605,1.0
2025-12-11T01:53:09.548072,0.425,0.575,1.0
2025-12-11T01:53:10.156795,0.435,0.565,1.0
2025-12-11T01:53:10.777938,0.485,0.515,1.0
2025-12-11T01:53:11.396781,0.515,0.485,1.0
2025-12-11T01:53:12.011249,0.515,0.485,1.0
2025-12-11T01:53:12.623310,0.5,0.515,1.0150000000000001
2025-12-11T01:53:13.236892,0.455,0.545,1.0
2025-12-11T01:53:13.852113,0.475,0.525,1.0
2025-12-11T01:53:14.462467,0.465,0.535,1.0
2025-12-11T01:53:15.065346,0.465,0.535,1.0
2025-12-11T01:53:15.674969,0.465,0.535,1.0
2025-12-11T01:53:16.293603,0.465,0.535,1.0
2025-12-11T01:53:16.905564,0.465,0.535,1.0
2025-12-11T01:53:17.542944,0.465,0.535,1.0
2025-12-11T01:53:16.572038,0.465,0.53,0.9950000000000001
2025-12-11T01:53:17.182833,0.465,0.535,1.0
2025-12-11T01:53:17.796551,0.47,0.53,1.0
2025-12-11T01:53:18.411288,0.47,0.53,1.0
2025-12-11T01:53:19.018001,0.465,0.535,1.0
2025-12-11T01:53:19.625657,0.47,0.53,1.0
2025-12-11T01:53:20.235114,0.465,0.535,1.0
2025-12-11T01:53:20.874783,0.465,0.535,1.0
2025-12-11T01:53:21.518209,0.47,0.53,1.0
2025-12-11T01:53:22.133674,0.47,0.53,1.0
2025-12-11T01:53:22.746233,0.46,0.54,1.0
2025-12-11T01:53:23.365613,0.455,0.545,1.0
2025-12-11T01:53:23.968644,0.475,0.525,1.0
2025-12-11T01:53:24.578643,0.485,0.515,1.0
2025-12-11T01:53:25.187931,0.495,0.505,1.0
2025-12-11T01:53:25.800171,0.505,0.485,0.99
2025-12-11T01:53:26.410840,0.52,0.485,1.005
2025-12-11T01:53:27.023244,0.52,0.48,1.0
2025-12-11T01:53:27.636485,0.535,0.465,1.0
2025-12-11T01:53:28.242174,0.555,0.445,1.0
2025-12-11T01:53:28.854484,0.56,0.435,0.9950000000000001
2025-12-11T01:53:29.461863,0.56,0.44,1.0
2025-12-11T01:53:30.074278,0.555,0.445,1.0
2025-12-11T01:53:30.686032,0.575,0.425,1.0
2025-12-11T01:53:31.301459,0.585,0.415,1.0
2025-12-11T01:53:31.921703,0.58,0.42,1.0
2025-12-11T01:53:32.535812,0.575,0.425,1.0
2025-12-11T01:53:33.149022,0.565,0.435,1.0
2025-12-11T01:53:33.759260,0.575,0.415,0.99
2025-12-11T01:53:34.356761,0.585,0.405,0.99
2025-12-11T01:53:34.967738,0.605,0.395,1.0
2025-12-11T01:53:35.580258,0.615,0.385,1.0
2025-12-11T01:53:36.232050,0.575,0.425,1.0
2025-12-11T01:53:36.846567,0.57,0.435,1.005
2025-12-11T01:53:37.444876,0.58,0.42,1.0
2025-12-11T01:53:38.060956,0.595,0.405,1.0
2025-12-11T01:53:38.675641,0.605,0.395,1.0
2025-12-11T01:53:39.311378,0.63,0.37,1.0
2025-12-11T01:53:39.920173,0.635,0.355,0.99
2025-12-11T01:53:40.534923,0.605,0.395,1.0
2025-12-11T01:53:41.146150,0.62,0.38,1.0
2025-12-11T01:53:41.760382,0.615,0.385,1.0
2025-12-11T01:53:42.371689,0.63,0.37,1.0
2025-12-11T01:53:42.986493,0.635,0.365,1.0
2025-12-11T01:53:43.595868,0.625,0.375,1.0
2025-12-11T01:53:44.206470,0.605,0.395,1.0
2025-12-11T01:53:44.817184,0.605,0.395,1.0
2025-12-11T01:53:45.412192,0.605,0.395,1.0
2025-12-11T01:53:46.024983,0.595,0.405,1.0
2025-12-11T01:53:46.647997,0.595,0.405,1.0
2025-12-11T01:53:47.264581,0.605,0.395,1.0
2025-12-11T01:53:47.878722,0.61,0.385,0.995
2025-12-11T01:53:48.511568,0.605,0.395,1.0
2025-12-11T01:53:47.548650,0.61,0.39,1.0
2025-12-11T01:53:48.162952,0.605,0.395,1.0
2025-12-11T01:53:48.776750,0.62,0.375,0.995
2025-12-11T01:53:49.391065,0.625,0.375,1.0
2025-12-11T01:53:50.005152,0.635,0.365,1.0
2025-12-11T01:53:50.614280,0.635,0.365,1.0
2025-12-11T01:53:51.226253,0.655,0.345,1.0
2025-12-11T01:53:51.825213,0.655,0.345,1.0
2025-12-11T01:53:52.432350,0.64,0.36,1.0
2025-12-11T01:53:53.047650,0.635,0.365,1.0
2025-12-11T01:53:53.658417,0.605,0.395,1.0
2025-12-11T01:53:54.268442,0.595,0.4,0.995
2025-12-11T01:53:54.895906,0.595,0.405,1.0
2025-12-11T01:53:55.530411,0.61,0.385,0.995
2025-12-11T01:53:56.143984,0.625,0.38,1.005
2025-12-11T01:53:56.757548,0.625,0.375,1.0
2025-12-11T01:53:57.371413,0.605,0.395,1.0
2025-12-11T01:53:57.988187,0.59,0.41,1.0
2025-12-11T01:53:58.602353,0.565,0.435,1.0
2025-12-11T01:53:59.210868,0.565,0.435,1.0
2025-12-11T01:53:59.807728,0.57,0.435,1.005
2025-12-11T01:54:00.409738,0.58,0.42,1.0
2025-12-11T01:54:01.008775,0.565,0.435,1.0
2025-12-11T01:54:01.615582,0.565,0.435,1.0
2025-12-11T01:54:02.221564,0.575,0.425,1.0
2025-12-11T01:54:02.834689,0.595,0.395,0.99
2025-12-11T01:54:03.443380,0.605,0.395,1.0
2025-12-11T01:54:04.071867,0.605,0.395,1.0
2025-12-11T01:54:04.676289,0.615,0.385,1.0
2025-12-11T01:54:05.286264,0.625,0.375,1.0
2025-12-11T01:54:05.895356,0.64,0.355,0.995
2025-12-11T01:54:06.514552,0.645,0.355,1.0
2025-12-11T01:54:07.125070,0.665,0.335,1.0
2025-12-11T01:54:07.727550,0.69,0.305,0.9949999999999999
2025-12-11T01:54:08.331760,0.7,0.295,0.9949999999999999
2025-12-11T01:54:08.949903,0.685,0.31,0.9950000000000001
2025-12-11T01:54:09.562131,0.705,0.295,1.0
2025-12-11T01:54:10.173643,0.72,0.275,0.995
2025-12-11T01:54:10.785252,0.725,0.285,1.01
2025-12-11T01:54:11.380143,0.74,0.26,1.0
2025-12-11T01:54:12.040314,0.73,0.27,1.0
2025-12-11T01:54:12.646022,0.74,0.255,0.995
2025-12-11T01:54:13.253276,0.745,0.255,1.0
2025-12-11T01:54:13.852531,0.745,0.275,1.02
2025-12-11T01:54:14.454786,0.725,0.275,1.0
2025-12-11T01:54:15.080332,0.725,0.275,1.0
2025-12-11T01:54:15.693851,0.73,0.27,1.0
2025-12-11T01:54:16.297772,0.73,0.27,1.0
2025-12-11T01:54:16.902697,0.715,0.29,1.005
2025-12-11T01:54:17.585820,0.715,0.285,1.0
2025-12-11T01:54:18.189258,0.705,0.295,1.0
2025-12-11T01:54:18.823695,0.705,0.3,1.005
2025-12-11T01:54:17.856638,0.685,0.315,1.0
2025-12-11T01:54:18.458415,0.685,0.315,1.0
2025-12-11T01:54:19.058347,0.685,0.315,1.0
2025-12-11T01:54:19.654576,0.685,0.315,1.0
2025-12-11T01:54:20.258943,0.7,0.3,1.0
2025-12-11T01:54:20.867611,0.695,0.305,1.0
2025-12-11T01:54:21.476420,0.71,0.29,1.0
2025-12-11T01:54:22.081050,0.705,0.28,0.985
2025-12-11T01:54:22.688332,0.71,0.285,0.9949999999999999
2025-12-11T01:54:23.288841,0.7,0.305,1.005
2025-12-11T01:54:23.907468,0.705,0.295,1.0
2025-12-11T01:54:24.525440,0.715,0.285,1.0
2025-12-11T01:54:25.147732,0.715,0.285,1.0
2025-12-11T01:54:25.761570,0.7,0.3,1.0
2025-12-11T01:54:26.366368,0.69,0.31,1.0
2025-12-11T01:54:26.981588,0.69,0.31,1.0
2025-12-11T01:54:27.589352,0.69,0.31,1.0
2025-12-11T01:54:28.201353,0.705,0.295,1.0
2025-12-11T01:54:28.822039,0.69,0.31,1.0
2025-12-11T01:54:29.431875,0.69,0.31,1.0
2025-12-11T01:54:30.046861,0.69,0.31,1.0
2025-12-11T01:54:30.664828,0.705,0.295,1.0
2025-12-11T01:54:31.278595,0.7,0.3,1.0
2025-12-11T01:54:31.887728,0.695,0.305,1.0
2025-12-11T01:54:32.497933,0.69,0.305,0.9949999999999999
2025-12-11T01:54:33.109262,0.69,0.31,1.0
2025-12-11T01:54:33.743662,0.69,0.31,1.0
2025-12-11T01:54:34.349691,0.71,0.29,1.0
2025-12-11T01:54:34.967309,0.695,0.305,1.0
2025-12-11T01:54:35.580650,0.715,0.285,1.0
2025-12-11T01:54:36.190254,0.755,0.245,1.0
2025-12-11T01:54:36.806274,0.765,0.235,1.0
2025-12-11T01:54:37.420487,0.765,0.235,1.0
2025-12-11T01:54:38.034155,0.775,0.225,1.0
2025-12-11T01:54:38.645193,0.765,0.235,1.0
2025-12-11T01:54:39.259137,0.755,0.25,1.005
2025-12-11T01:54:39.948228,0.755,0.245,1.0
2025-12-11T01:54:40.572561,0.735,0.265,1.0
2025-12-11T01:54:41.209590,0.735,0.265,1.0
2025-12-11T01:54:41.822615,0.73,0.24,0.97
2025-12-11T01:54:42.447497,0.76,0.24,1.0
2025-12-11T01:54:43.043412,0.76,0.245,1.005
2025-12-11T01:54:43.652038,0.755,0.245,1.0
2025-12-11T01:54:44.270556,0.75,0.25,1.0
2025-12-11T01:54:44.883806,0.775,0.225,1.0
2025-12-11T01:54:45.495959,0.785,0.21,0.995
2025-12-11T01:54:46.109337,0.78,0.22,1.0
2025-12-11T01:54:46.724837,0.78,0.22,1.0
2025-12-11T01:54:47.336008,0.78,0.22,1.0
2025-12-11T01:54:47.954003,0.78,0.22,1.0
2025-12-11T01:54:48.567974,0.76,0.24,1.0
2025-12-11T01:54:49.194865,0.76,0.24,1.0
2025-12-11T01:54:49.812817,0.765,0.235,1.0
2025-12-11T01:54:48.845176,0.775,0.225,1.0
2025-12-11T01:54:49.454268,0.78,0.22,1.0
2025-12-11T01:54:50.068421,0.77,0.225,0.995
2025-12-11T01:54:50.683591,0.795,0.205,1.0
2025-12-11T01:54:51.294629,0.795,0.205,1.0
2025-12-11T01:54:51.905951,0.805,0.195,1.0
2025-12-11T01:54:52.519452,0.795,0.205,1.0
2025-12-11T01:54:53.127883,0.815,0.185,1.0
2025-12-11T01:54:53.739947,0.81,0.19,1.0
2025-12-11T01:54:54.370535,0.795,0.195,0.99
2025-12-11T01:54:54.981662,0.81,0.19,1.0
2025-12-11T01:54:55.598842,0.815,0.185,1.0
2025-12-11T01:54:56.226074,0.825,0.175,1.0
2025-12-11T01:54:56.836303,0.825,0.175,1.0
2025-12-11T01:54:57.454503,0.835,0.165,1.0
2025-12-11T01:54:58.067387,0.83,0.17,1.0
2025-12-11T01:54:58.677611,0.845,0.155,1.0
2025-12-11T01:54:59.293061,0.855,0.145,1.0
2025-12-11T01:54:59.905446,0.85,0.15,1.0
2025-12-11T01:55:00.519668,0.85,0.15,1.0
2025-12-11T01:55:01.141110,0.845,0.15,0.995
2025-12-11T01:55:01.755093,0.865,0.135,1.0
2025-12-11T01:55:02.373517,0.845,0.155,1.0
2025-12-11T01:55:02.987229,0.855,0.145,1.0
2025-12-11T01:55:03.596370,0.875,0.125,1.0
2025-12-11T01:55:04.222550,0.845,0.155,1.0
2025-12-11T01:55:04.830267,0.83,0.17,1.0
2025-12-11T01:55:05.457634,0.84,0.155,0.995
2025-12-11T01:55:06.092009,0.84,0.16,1.0
2025-12-11T01:55:06.706810,0.835,0.165,1.0
2025-12-11T01:55:07.338462,0.835,0.165,1.0
2025-12-11T01:55:07.950389,0.82,0.18,1.0
2025-12-11T01:55:08.565027,0.8,0.2,1.0
2025-12-11T01:55:09.181424,0.79,0.21,1.0
2025-12-11T01:55:09.798065,0.8,0.2,1.0
2025-12-11T01:55:10.419190,0.8,0.2,1.0
2025-12-11T01:55:11.032032,0.79,0.21,1.0
2025-12-11T01:55:11.642763,0.785,0.215,1.0
2025-12-11T01:55:12.258004,0.785,0.215,1.0
2025-12-11T01:55:12.867422,0.8,0.2,1.0
2025-12-11T01:55:13.476356,0.845,0.155,1.0
2025-12-11T01:55:14.090114,0.825,0.175,1.0
2025-12-11T01:55:14.704757,0.815,0.185,1.0
2025-12-11T01:55:15.318669,0.81,0.19,1.0
2025-12-11T01:55:15.933848,0.81,0.19,1.0
2025-12-11T01:55:16.552977,0.81,0.19,1.0
2025-12-11T01:55:17.166520,0.815,0.185,1.0
2025-12-11T01:55:17.779847,0.835,0.165,1.0
2025-12-11T01:55:18.406257,0.835,0.165,1.0
2025-12-11T01:55:19.034379,0.825,0.175,1.0
2025-12-11T01:55:19.652887,0.825,0.175,1.0
2025-12-11T01:55:20.274571,0.83,0.17,1.0
2025-12-11T01:55:19.301618,0.835,0.165,1.0
2025-12-11T01:55:19.918726,0.835,0.165,1.0
2025-12-11T01:55:20.532445,0.835,0.165,1.0
2025-12-11T01:55:21.143494,0.835,0.165,1.0
2025-12-11T01:55:21.758835,0.81,0.19,1.0
2025-12-11T01:55:22.382571,0.8,0.2,1.0
2025-12-11T01:55:22.995805,0.8,0.2,1.0
2025-12-11T01:55:23.616638,0.8,0.2,1.0
2025-12-11T01:55:24.230014,0.8,0.2,1.0
2025-12-11T01:55:24.854718,0.795,0.205,1.0
2025-12-11T01:55:25.465284,0.78,0.225,1.0050000000000001
2025-12-11T01:55:26.079731,0.77,0.23,1.0
2025-12-11T01:55:26.699623,0.77,0.23,1.0
2025-12-11T01:55:27.324851,0.77,0.23,1.0
2025-12-11T01:55:27.938082,0.78,0.215,0.995
2025-12-11T01:55:28.550317,0.775,0.225,1.0
2025-12-11T01:55:29.163202,0.77,0.23,1.0
2025-12-11T01:55:29.771483,0.77,0.23,1.0
2025-12-11T01:55:30.392514,0.77,0.23,1.0
2025-12-11T01:55:31.004128,0.775,0.22,0.995
2025-12-11T01:55:31.626518,0.785,0.21,0.995
2025-12-11T01:55:32.243452,0.79,0.215,1.0050000000000001
2025-12-11T01:55:32.862399,0.785,0.215,1.0
2025-12-11T01:55:33.532648,0.815,0.185,1.0
2025-12-11T01:55:34.144251,0.815,0.185,1.0
2025-12-11T01:55:34.758218,0.825,0.18,1.005
2025-12-11T01:55:35.384581,0.82,0.175,0.9949999999999999
2025-12-11T01:55:35.994979,0.82,0.18,1.0
2025-12-11T01:55:36.614964,0.825,0.175,1.0
2025-12-11T01:55:37.225561,0.83,0.17,1.0
2025-12-11T01:55:37.841656,0.835,0.165,1.0
2025-12-11T01:55:38.455767,0.845,0.155,1.0
2025-12-11T01:55:39.051690,0.845,0.155,1.0
2025-12-11T01:55:39.665836,0.845,0.155,1.0
2025-12-11T01:55:40.281001,0.835,0.165,1.0
2025-12-11T01:55:40.898341,0.815,0.185,1.0
2025-12-11T01:55:41.505076,0.795,0.205,1.0
2025-12-11T01:55:42.105860,0.785,0.215,1.0
2025-12-11T01:55:42.716754,0.785,0.215,1.0
2025-12-11T01:55:43.315341,0.805,0.195,1.0
2025-12-11T01:55:43.928781,0.825,0.175,1.0
2025-12-11T01:55:44.543836,0.825,0.175,1.0
2025-12-11T01:55:45.150139,0.82,0.18,1.0
2025-12-11T01:55:45.789946,0.815,0.185,1.0
2025-12-11T01:55:46.405419,0.805,0.195,1.0
2025-12-11T01:55:47.002138,0.805,0.195,1.0
2025-12-11T01:55:47.608969,0.8,0.2,1.0
2025-12-11T01:55:48.220849,0.81,0.19,1.0
2025-12-11T01:55:48.840024,0.81,0.19,1.0
2025-12-11T01:55:49.454362,0.825,0.17,0.995
2025-12-11T01:55:50.057117,0.83,0.17,1.0
2025-12-11T01:55:50.681719,0.81,0.2,1.01
2025-12-11T01:55:51.294268,0.76,0.225,0.985
2025-12-11T01:55:50.308383,0.775,0.225,1.0
2025-12-11T01:55:50.924843,0.77,0.23,1.0
2025-12-11T01:55:51.529583,0.77,0.23,1.0
2025-12-11T01:55:52.128284,0.74,0.26,1.0
2025-12-11T01:55:52.760064,0.745,0.25,0.995
2025-12-11T01:55:53.373754,0.75,0.25,1.0
2025-12-11T01:55:53.987633,0.75,0.255,1.005
2025-12-11T01:55:54.607573,0.735,0.265,1.0
2025-12-11T01:55:55.230210,0.755,0.245,1.0
2025-12-11T01:55:55.856567,0.755,0.245,1.0
2025-12-11T01:55:56.466843,0.755,0.245,1.0
2025-12-11T01:55:57.079815,0.765,0.235,1.0
2025-12-11T01:55:57.688362,0.765,0.235,1.0
2025-12-11T01:55:58.308903,0.765,0.235,1.0
2025-12-11T01:55:58.922221,0.765,0.235,1.0
2025-12-11T01:55:59.534349,0.765,0.235,1.0
2025-12-11T01:56:00.156417,0.765,0.235,1.0
2025-12-11T01:56:00.777858,0.785,0.215,1.0
2025-12-11T01:56:01.395130,0.795,0.205,1.0
2025-12-11T01:56:02.008119,0.785,0.215,1.0
2025-12-11T01:56:02.607303,0.725,0.275,1.0
2025-12-11T01:56:03.221517,0.72,0.28,1.0
2025-12-11T01:56:03.831640,0.72,0.285,1.005
2025-12-11T01:56:04.447395,0.715,0.285,1.0
2025-12-11T01:56:05.066682,0.71,0.295,1.005
2025-12-11T01:56:05.682305,0.675,0.325,1.0
2025-12-11T01:56:06.295909,0.685,0.315,1.0
2025-12-11T01:56:06.899178,0.685,0.315,1.0
2025-12-11T01:56:07.508479,0.685,0.315,1.0
2025-12-11T01:56:08.113179,0.695,0.305,1.0
2025-12-11T01:56:08.718409,0.705,0.295,1.0
2025-12-11T01:56:09.321109,0.705,0.295,1.0
2025-12-11T01:56:09.933978,0.71,0.29,1.0
2025-12-11T01:56:10.534061,0.73,0.27,1.0
2025-12-11T01:56:11.147085,0.725,0.275,1.0
2025-12-11T01:56:11.767077,0.73,0.27,1.0
2025-12-11T01:56:12.382858,0.705,0.295,1.0
2025-12-11T01:56:12.997951,0.695,0.3,0.9949999999999999
2025-12-11T01:56:13.596599,0.685,0.315,1.0
2025-12-11T01:56:14.208160,0.72,0.28,1.0
2025-12-11T01:56:14.813358,0.705,0.295,1.0
2025-12-11T01:56:15.434261,0.695,0.305,1.0
2025-12-11T01:56:16.032932,0.695,0.305,1.0
2025-12-11T01:56:16.628252,0.71,0.28,0.99
2025-12-11T01:56:17.230694,0.715,0.285,1.0
2025-12-11T01:56:17.834875,0.705,0.295,1.0
2025-12-11T01:56:18.456644,0.705,0.295,1.0
2025-12-11T01:56:19.073099,0.705,0.295,1.0
2025-12-11T01:56:19.676686,0.715,0.285,1.0
2025-12-11T01:56:20.285207,0.715,0.285,1.0
2025-12-11T01:56:20.888827,0.705,0.29,0.9949999999999999
2025-12-11T01:56:21.494705,0.71,0.29,1.0
2025-12-11T01:56:20.486266,0.715,0.285,1.0
2025-12-11T01:56:21.088122,0.715,0.285,1.0
2025-12-11T01:56:21.684875,0.715,0.285,1.0
2025-12-11T01:56:22.295009,0.71,0.29,1.0
2025-12-11T01:56:22.904931,0.695,0.315,1.01
2025-12-11T01:56:23.510681,0.685,0.315,1.0
2025-12-11T01:56:24.155118,0.69,0.31,1.0
2025-12-11T01:56:24.775647,0.69,0.31,1.0
2025-12-11T01:56:25.389726,0.69,0.31,1.0
2025-12-11T01:56:26.007485,0.7,0.3,1.0
2025-12-11T01:56:26.626274,0.7,0.3,1.0
2025-12-11T01:56:27.240374,0.7,0.3,1.0
2025-12-11T01:56:27.852890,0.695,0.305,1.0
2025-12-11T01:56:28.463974,0.695,0.305,1.0
2025-12-11T01:56:29.077121,0.675,0.33,1.0050000000000001
2025-12-11T01:56:29.696145,0.67,0.33,1.0
2025-12-11T01:56:30.314101,0.695,0.305,1.0
2025-12-11T01:56:30.931913,0.705,0.295,1.0
2025-12-11T01:56:31.541467,0.705,0.295,1.0
2025-12-11T01:56:32.149476,0.715,0.285,1.0
2025-12-11T01:56:32.758265,0.705,0.295,1.0
2025-12-11T01:56:33.378336,0.705,0.29,0.9949999999999999
2025-12-11T01:56:33.993795,0.725,0.275,1.0
2025-12-11T01:56:34.615144,0.725,0.275,1.0
2025-12-11T01:56:35.235640,0.7,0.3,1.0
2025-12-11T01:56:35.847517,0.695,0.305,1.0
2025-12-11T01:56:36.457493,0.69,0.31,1.0
2025-12-11T01:56:37.078134,0.675,0.325,1.0
2025-12-11T01:56:37.697509,0.675,0.325,1.0
2025-12-11T01:56:38.315910,0.675,0.325,1.0
2025-12-11T01:56:38.941353,0.68,0.32,1.0
2025-12-11T01:56:39.548118,0.68,0.315,0.9950000000000001
2025-12-11T01:56:40.185441,0.685,0.315,1.0
2025-12-11T01:56:40.796768,0.685,0.315,1.0
2025-12-11T01:56:41.414856,0.685,0.315,1.0
2025-12-11T01:56:42.037491,0.685,0.315,1.0
2025-12-11T01:56:42.654990,0.685,0.315,1.0
2025-12-11T01:56:43.273311,0.685,0.315,1.0
2025-12-11T01:56:43.873179,0.685,0.315,1.0
2025-12-11T01:56:44.489942,0.675,0.325,1.0
2025-12-11T01:56:45.105530,0.675,0.325,1.0
2025-12-11T01:56:45.732892,0.675,0.325,1.0
2025-12-11T01:56:46.355941,0.675,0.325,1.0
2025-12-11T01:56:46.963426,0.68,0.32,1.0
2025-12-11T01:56:47.579461,0.665,0.335,1.0
2025-12-11T01:56:48.194320,0.675,0.325,1.0
2025-12-11T01:56:48.791481,0.685,0.315,1.0
2025-12-11T01:56:49.404535,0.655,0.345,1.0
2025-12-11T01:56:50.022465,0.68,0.31,0.99
2025-12-11T01:56:50.645877,0.69,0.31,1.0
2025-12-11T01:56:51.263687,0.665,0.335,1.0
2025-12-11T01:56:51.862772,0.605,0.395,1.0
2025-12-11T01:56:52.488361,0.6,0.4,1.0
2025-12-11T01:56:51.505004,0.63,0.37,1.0
2025-12-11T01:56:52.124232,0.63,0.37,1.0
2025-12-11T01:56:52.782773,0.645,0.355,1.0
2025-12-11T01:56:53.427919,0.625,0.39,1.0150000000000001
2025-12-11T01:56:54.037706,0.615,0.385,1.0
2025-12-11T01:56:54.655332,0.605,0.39,0.995
2025-12-11T01:56:55.293589,0.615,0.385,1.0
2025-12-11T01:56:55.907564,0.605,0.395,1.0
2025-12-11T01:56:56.518902,0.585,0.405,0.99
2025-12-11T01:56:57.131869,0.59,0.41,1.0
2025-12-11T01:56:57.746380,0.585,0.415,1.0
2025-12-11T01:56:58.352532,0.59,0.41,1.0
2025-12-11T01:56:58.965468,0.595,0.405,1.0
2025-12-11T01:56:59.567463,0.57,0.425,0.9949999999999999
2025-12-11T01:57:00.198392,0.555,0.45,1.0050000000000001
2025-12-11T01:57:00.811256,0.56,0.44,1.0
2025-12-11T01:57:01.421122,0.565,0.435,1.0
2025-12-11T01:57:02.036321,0.555,0.44,0.9950000000000001
2025-12-11T01:57:02.656278,0.555,0.445,1.0
2025-12-11T01:57:03.280156,0.555,0.445,1.0
2025-12-11T01:57:03.903471,0.56,0.44,1.0
2025-12-11T01:57:04.526941,0.56,0.44,1.0
2025-12-11T01:57:05.144134,0.595,0.405,1.0
2025-12-11T01:57:05.747971,0.595,0.405,1.0
2025-12-11T01:57:06.356099,0.635,0.365,1.0
2025-12-11T01:57:06.956632,0.63,0.37,1.0
2025-12-11T01:57:07.576770,0.615,0.385,1.0
2025-12-11T01:57:08.183154,0.625,0.375,1.0
2025-12-11T01:57:08.806459,0.63,0.37,1.0
2025-12-11T01:57:09.439828,0.625,0.375,1.0
2025-12-11T01:57:10.050138,0.63,0.37,1.0
2025-12-11T01:57:10.666175,0.63,0.37,1.0
2025-12-11T01:57:11.279003,0.665,0.335,1.0
2025-12-11T01:57:11.892999,0.665,0.335,1.0
2025-12-11T01:57:12.507687,0.665,0.335,1.0
2025-12-11T01:57:13.126711,0.675,0.325,1.0
2025-12-11T01:57:13.745375,0.705,0.285,0.99
2025-12-11T01:57:14.372151,0.725,0.275,1.0
2025-12-11T01:57:14.984289,0.705,0.29,0.9949999999999999
2025-12-11T01:57:15.606816,0.7,0.3,1.0
2025-12-11T01:57:16.219908,0.71,0.29,1.0
2025-12-11T01:57:16.839173,0.71,0.29,1.0
2025-12-11T01:57:17.446521,0.725,0.275,1.0
2025-12-11T01:57:18.064050,0.73,0.27,1.0
2025-12-11T01:57:18.679391,0.74,0.265,1.005
2025-12-11T01:57:19.290289,0.725,0.275,1.0
2025-12-11T01:57:19.904320,0.73,0.27,1.0
2025-12-11T01:57:20.515002,0.725,0.275,1.0
2025-12-11T01:57:21.129067,0.74,0.26,1.0
2025-12-11T01:57:21.737359,0.765,0.235,1.0
2025-12-11T01:57:22.334274,0.775,0.225,1.0
2025-12-11T01:57:22.948777,0.795,0.205,1.0
2025-12-11T01:57:21.947155,0.795,0.205,1.0
2025-12-11T01:57:22.556728,0.795,0.205,1.0
2025-12-11T01:57:23.175377,0.775,0.215,0.99
2025-12-11T01:57:23.804987,0.77,0.225,0.995
2025-12-11T01:57:24.435233,0.77,0.23,1.0
2025-12-11T01:57:25.050748,0.775,0.225,1.0
2025-12-11T01:57:25.670063,0.785,0.215,1.0
2025-12-11T01:57:26.291992,0.775,0.22,0.995
2025-12-11T01:57:26.901128,0.745,0.255,1.0
2025-12-11T01:57:27.518136,0.725,0.275,1.0
2025-12-11T01:57:28.132377,0.725,0.275,1.0
2025-12-11T01:57:28.757492,0.715,0.285,1.0
2025-12-11T01:57:29.366418,0.735,0.27,1.005
2025-12-11T01:57:29.980922,0.735,0.265,1.0
2025-12-11T01:57:30.594920,0.74,0.26,1.0
2025-12-11T01:57:31.207724,0.735,0.265,1.0
2025-12-11T01:57:31.808680,0.725,0.275,1.0
2025-12-11T01:57:32.407951,0.725,0.275,1.0
2025-12-11T01:57:33.030998,0.705,0.295,1.0
2025-12-11T01:57:33.704614,0.705,0.295,1.0
2025-12-11T01:57:34.337473,0.71,0.29,1.0
2025-12-11T01:57:34.949151,0.715,0.285,1.0
2025-12-11T01:57:35.570193,0.715,0.285,1.0
2025-12-11T01:57:36.186404,0.715,0.285,1.0
2025-12-11T01:57:36.784001,0.715,0.285,1.0
2025-12-11T01:57:37.403343,0.715,0.285,1.0
2025-12-11T01:57:38.032855,0.715,0.285,1.0
2025-12-11T01:57:38.645026,0.715,0.285,1.0
2025-12-11T01:57:39.252400,0.72,0.28,1.0
2025-12-11T01:57:39.871471,0.75,0.245,0.995
2025-12-11T01:57:40.467865,0.755,0.245,1.0
2025-12-11T01:57:41.085761,0.765,0.235,1.0
2025-12-11T01:57:41.695009,0.765,0.235,1.0
2025-12-11T01:57:42.318880,0.765,0.235,1.0
2025-12-11T01:57:42.951302,0.77,0.23,1.0
2025-12-11T01:57:43.559586,0.765,0.235,1.0
2025-12-11T01:57:44.178434,0.765,0.235,1.0
2025-12-11T01:57:44.780698,0.775,0.225,1.0
2025-12-11T01:57:45.392553,0.77,0.23,1.0
2025-12-11T01:57:46.001590,0.755,0.245,1.0
2025-12-11T01:57:46.612549,0.745,0.255,1.0
2025-12-11T01:57:47.227297,0.76,0.24,1.0
2025-12-11T01:57:47.845099,0.795,0.195,0.99
2025-12-11T01:57:48.464981,0.805,0.19,0.9950000000000001
2025-12-11T01:57:49.079739,0.815,0.185,1.0
2025-12-11T01:57:49.696491,0.825,0.175,1.0
2025-12-11T01:57:50.309394,0.825,0.175,1.0
2025-12-11T01:57:50.916507,0.825,0.175,1.0
2025-12-11T01:57:51.525834,0.825,0.175,1.0
2025-12-11T01:57:52.141333,0.825,0.175,1.0
2025-12-11T01:57:52.744095,0.825,0.175,1.0
2025-12-11T01:57:53.356551,0.83,0.17,1.0
2025-12-11T01:57:52.400909,0.835,0.165,1.0
2025-12-11T01:57:53.033938,0.85,0.15,1.0
2025-12-11T01:57:53.652631,0.87,0.13,1.0
2025-12-11T01:57:54.268052,0.875,0.125,1.0
2025-12-11T01:57:54.880389,0.875,0.12,0.995
2025-12-11T01:57:55.502019,0.88,0.12,1.0
2025-12-11T01:57:56.123203,0.89,0.11,1.0
2025-12-11T01:57:56.755010,0.905,0.095,1.0
2025-12-11T01:57:57.377451,0.905,0.095,1.0
2025-12-11T01:57:57.997922,0.91,0.095,1.0050000000000001
2025-12-11T01:57:58.615333,0.91,0.09,1.0
2025-12-11T01:57:59.218806,0.915,0.085,1.0
2025-12-11T01:57:59.833739,0.925,0.075,1.0
2025-12-11T01:58:00.437336,0.92,0.08,1.0
2025-12-11T01:58:01.053189,0.93,0.07,1.0
2025-12-11T01:58:01.669444,0.935,0.065,1.0
2025-12-11T01:58:02.289117,0.935,0.065,1.0
2025-12-11T01:58:02.907617,0.945,0.055,1.0
2025-12-11T01:58:03.528044,0.945,0.055,1.0
2025-12-11T01:58:04.143019,0.955,0.045,1.0
2025-12-11T01:58:04.761790,0.955,0.045,1.0
2025-12-11T01:58:05.368572,0.955,0.045,1.0
2025-12-11T01:58:05.988384,0.955,0.045,1.0
2025-12-11T01:58:06.606929,0.955,0.045,1.0
2025-12-11T01:58:07.212503,0.96,0.04,1.0
2025-12-11T01:58:07.827090,0.965,0.035,1.0
2025-12-11T01:58:08.438851,0.965,0.035,1.0
2025-12-11T01:58:09.056459,0.965,0.035,1.0
2025-12-11T01:58:09.675182,0.965,0.035,1.0
2025-12-11T01:58:10.286001,0.965,0.035,1.0
2025-12-11T01:58:10.904833,0.965,0.035,1.0
2025-12-11T01:58:11.524270,0.965,0.035,1.0
2025-12-11T01:58:12.221252,0.965,0.035,1.0
2025-12-11T01:58:12.844489,0.965,0.035,1.0
2025-12-11T01:58:13.461765,0.965,0.035,1.0
2025-12-11T01:58:14.081411,0.955,0.045,1.0
2025-12-11T01:58:14.702504,0.96,0.035,0.995
2025-12-11T01:58:15.310860,0.965,0.035,1.0
2025-12-11T01:58:15.920231,0.965,0.035,1.0
2025-12-11T01:58:16.534742,0.965,0.035,1.0
2025-12-11T01:58:17.143964,0.965,0.035,1.0
2025-12-11T01:58:17.756622,0.965,0.035,1.0
2025-12-11T01:58:18.379760,0.965,0.035,1.0
2025-12-11T01:58:19.001419,0.965,0.035,1.0
2025-12-11T01:58:19.626158,0.965,0.035,1.0
2025-12-11T01:58:20.249133,0.965,0.035,1.0
2025-12-11T01:58:20.863110,0.965,0.035,1.0
2025-12-11T01:58:21.481290,0.965,0.035,1.0
2025-12-11T01:58:22.091703,0.965,0.035,1.0
2025-12-11T01:58:22.713622,0.96,0.04,1.0
2025-12-11T01:58:23.324729,0.955,0.045,1.0
2025-12-11T01:58:23.932942,0.955,0.045,1.0
2025-12-11T01:58:24.570836,0.955,0.045,1.0
2025-12-11T01:58:23.599094,0.955,0.045,1.0
2025-12-11T01:58:24.208565,0.96,0.04,1.0
2025-12-11T01:58:24.823499,0.96,0.04,1.0
2025-12-11T01:58:25.442649,0.96,0.04,1.0
2025-12-11T01:58:26.054964,0.96,0.04,1.0
2025-12-11T01:58:26.687558,0.96,0.04,1.0
2025-12-11T01:58:27.304703,0.96,0.04,1.0
2025-12-11T01:58:27.919707,0.96,0.04,1.0
2025-12-11T01:58:28.536183,0.96,0.04,1.0
2025-12-11T01:58:29.152784,0.96,0.04,1.0
2025-12-11T01:58:29.775923,0.965,0.035,1.0
2025-12-11T01:58:30.398030,0.965,0.035,1.0
2025-12-11T01:58:31.016011,0.965,0.035,1.0
2025-12-11T01:58:31.632538,0.965,0.035,1.0
2025-12-11T01:58:32.252595,0.965,0.035,1.0
2025-12-11T01:58:32.868336,0.975,0.025,1.0
2025-12-11T01:58:33.491319,0.965,0.035,1.0
2025-12-11T01:58:34.110532,0.965,0.035,1.0
2025-12-11T01:58:34.724593,0.965,0.035,1.0
2025-12-11T01:58:35.338893,0.965,0.035,1.0
2025-12-11T01:58:35.952495,0.975,0.025,1.0
2025-12-11T01:58:36.570615,0.975,0.025,1.0
2025-12-11T01:58:37.184526,0.975,0.025,1.0
2025-12-11T01:58:37.803958,0.975,0.025,1.0
2025-12-11T01:58:38.414657,0.975,0.025,1.0
2025-12-11T01:58:39.025733,0.975,0.025,1.0
2025-12-11T01:58:39.648311,0.985,0.015,1.0
2025-12-11T01:58:40.270879,0.985,0.015,1.0
2025-12-11T01:58:40.886230,0.985,0.015,1.0
2025-12-11T01:58:41.492465,0.985,0.015,1.0
2025-12-11T01:58:42.097870,0.985,0.015,1.0
2025-12-11T01:58:42.709048,0.985,0.015,1.0
2025-12-11T01:58:43.307629,0.985,0.015,1.0
2025-12-11T01:58:43.917560,0.985,0.015,1.0
2025-12-11T01:58:44.529862,0.985,0.015,1.0
2025-12-11T01:58:45.141267,0.985,0.015,1.0
2025-12-11T01:58:45.755977,0.985,0.015,1.0
2025-12-11T01:58:46.363948,0.985,0.015,1.0
2025-12-11T01:58:46.972133,0.985,0.015,1.0
2025-12-11T01:58:47.579804,0.985,0.015,1.0
2025-12-11T01:58:48.195130,0.995,0.005,1.0
2025-12-11T01:58:48.807301,0.995,0.005,1.0
2025-12-11T01:58:49.411691,0.985,0.015,1.0
2025-12-11T01:58:50.021397,0.985,0.015,1.0
2025-12-11T01:58:50.637389,0.985,0.015,1.0
2025-12-11T01:58:51.249759,0.985,0.015,1.0
2025-12-11T01:58:51.868429,0.985,0.015,1.0
2025-12-11T01:58:52.479082,0.985,0.015,1.0
2025-12-11T01:58:53.090882,0.985,0.015,1.0
2025-12-11T01:58:53.695598,0.985,0.015,1.0
2025-12-11T01:58:54.306695,0.985,0.015,1.0
2025-12-11T01:58:54.920214,0.985,0.015,1.0
2025-12-11T01:58:53.945538,0.985,0.015,1.0
2025-12-11T01:58:54.557010,0.99,0.01,1.0
2025-12-11T01:58:55.174471,0.985,0.015,1.0
2025-12-11T01:58:55.788208,0.985,0.015,1.0
2025-12-11T01:58:56.402832,0.985,0.015,1.0
2025-12-11T01:58:57.020286,0.985,0.015,1.0
2025-12-11T01:58:57.637944,0.985,0.015,1.0
2025-12-11T01:58:58.250223,0.995,0.005,1.0
2025-12-11T01:58:58.860737,0.995,0.005,1.0
2025-12-11T01:58:59.473197,0.985,0.015,1.0
2025-12-11T01:59:00.085939,0.985,0.015,1.0
2025-12-11T01:59:00.717161,0.995,0.005,1.0
2025-12-11T01:59:01.336497,0.995,0.005,1.0
2025-12-11T01:59:01.951723,0.995,0.005,1.0
2025-12-11T01:59:02.564606,0.995,0.005,1.0
2025-12-11T01:59:03.186023,0.995,0.005,1.0
2025-12-11T01:59:03.801763,0.995,0.005,1.0
2025-12-11T01:59:04.442443,0.995,0.005,1.0
2025-12-11T01:59:05.055500,0.995,0.005,1.0
2025-12-11T01:59:05.671355,0.995,0.005,1.0
2025-12-11T01:59:06.295523,0.995,0.005,1.0
2025-12-11T01:59:06.922119,0.995,0.005,1.0
2025-12-11T01:59:07.546170,0.995,0.005,1.0
2025-12-11T01:59:08.161534,0.995,0.005,1.0
2025-12-11T01:59:08.778201,0.995,0.005,1.0
2025-12-11T01:59:09.394692,0.995,0.005,1.0
2025-12-11T01:59:10.019560,0.995,0.005,1.0
2025-12-11T01:59:10.640656,0.995,0.005,1.0
2025-12-11T01:59:11.253052,0.995,0.005,1.0
2025-12-11T01:59:11.869598,0.995,0.005,1.0
2025-12-11T01:59:12.488365,0.995,0.005,1.0
2025-12-11T01:59:13.113590,0.995,0.005,1.0
2025-12-11T01:59:13.711567,0.995,0.005,1.0
2025-12-11T01:59:14.329277,0.995,0.005,1.0
2025-12-11T01:59:14.951409,0.995,0.005,1.0
2025-12-11T01:59:15.563845,0.995,0.005,1.0
2025-12-11T01:59:16.176396,0.995,0.005,1.0
2025-12-11T01:59:16.790928,0.995,0.005,1.0
2025-12-11T01:59:17.406618,0.995,0.005,1.0
2025-12-11T01:59:18.020885,0.995,0.005,1.0
2025-12-11T01:59:18.632818,0.995,0.005,1.0
2025-12-11T01:59:19.242425,0.995,0.005,1.0
2025-12-11T01:59:19.875827,0.995,0.005,1.0
2025-12-11T01:59:20.496765,0.995,0.005,1.0
2025-12-11T01:59:21.148562,0.995,0.005,1.0
2025-12-11T01:59:21.766686,0.995,0.005,1.0
2025-12-11T01:59:22.379183,0.995,0.005,1.0
2025-12-11T01:59:23.000380,0.995,0.005,1.0
2025-12-11T01:59:23.618875,0.995,0.005,1.0
2025-12-11T01:59:24.241376,0.995,0.005,1.0
2025-12-11T01:59:24.858795,0.995,0.005,1.0
2025-12-11T01:59:25.476320,0.995,0.005,1.0
2025-12-11T01:59:24.501382,0.995,0.005,1.0
2025-12-11T01:59:25.118892,0.995,0.005,1.0
2025-12-11T01:59:25.727094,0.995,0.005,1.0
2025-12-11T01:59:26.340207,0.995,0.005,1.0
2025-12-11T01:59:26.957860,0.995,0.005,1.0
2025-12-11T01:59:27.570653,0.995,0.005,1.0
2025-12-11T01:59:28.181613,0.995,0.005,1.0
2025-12-11T01:59:28.797114,0.995,0.005,1.0
2025-12-11T01:59:29.415019,0.995,0.005,1.0
2025-12-11T01:59:30.029166,0.995,0.005,1.0
2025-12-11T01:59:30.637643,0.995,0.005,1.0
2025-12-11T01:59:31.251662,0.995,0.005,1.0
2025-12-11T01:59:31.867211,0.995,0.005,1.0
2025-12-11T01:59:32.486176,0.995,0.005,1.0
2025-12-11T01:59:33.100488,0.995,0.005,1.0
2025-12-11T01:59:33.711449,0.995,0.005,1.0
2025-12-11T01:59:34.308827,0.995,0.005,1.0
2025-12-11T01:59:34.923145,0.995,0.005,1.0
2025-12-11T01:59:35.541485,0.995,0.005,1.0
2025-12-11T01:59:36.168469,0.995,0.005,1.0
2025-12-11T01:59:36.786885,0.995,0.005,1.0
2025-12-11T01:59:37.386538,0.995,0.005,1.0
2025-12-11T01:59:37.991891,0.995,0.005,1.0
2025-12-11T01:59:38.604315,0.995,0.005,1.0
2025-12-11T01:59:39.218049,0.995,0.005,1.0
2025-12-11T01:59:39.822446,0.995,0.005,1.0
2025-12-11T01:59:40.422323,0.995,0.005,1.0
2025-12-11T01:59:41.024504,0.995,0.005,1.0
2025-12-11T01:59:41.628862,0.995,0.005,1.0
2025-12-11T01:59:42.241208,0.995,0.005,1.0
2025-12-11T01:59:42.839712,0.995,0.005,1.0
2025-12-11T01:59:43.437737,0.995,0.005,1.0
2025-12-11T01:59:44.042103,0.995,0.005,1.0
2025-12-11T01:59:44.642606,0.995,0.005,1.0
2025-12-11T01:59:45.257347,0.995,0.005,1.0
2025-12-11T01:59:45.869035,0.995,0.005,1.0
2025-12-11T01:59:46.467594,0.995,0.005,1.0
2025-12-11T01:59:47.072442,0.995,0.005,1.0
2025-12-11T01:59:47.692898,0.995,0.005,1.0
2025-12-11T01:59:48.309211,0.995,0.005,1.0
2025-12-11T01:59:48.918423,0.995,0.005,1.0
2025-12-11T01:59:49.520191,0.995,0.005,1.0
2025-12-11T01:59:50.121511,0.995,0.005,1.0
2025-12-11T01:59:50.721879,0.995,0.005,1.0
2025-12-11T01:59:51.335137,0.995,0.005,1.0
2025-12-11T01:59:51.949569,0.995,0.005,1.0
2025-12-11T01:59:52.560809,0.995,0.005,1.0
2025-12-11T01:59:53.180315,0.995,0.005,1.0
2025-12-11T01:59:53.792690,0.995,0.005,1.0
2025-12-11T01:59:54.393622,0.995,0.005,1.0
2025-12-11T01:59:55.006375,0.995,0.005,1.0
2025-12-11T01:59:55.622290,0.995,0.005,1.0
2025-12-11T01:59:56.235378,0.995,0.005,1.0
2025-12-11T01:59:55.253055,0.995,0.005,1.0
2025-12-11T01:59:55.864578,0.995,0.005,1.0
2025-12-11T01:59:56.485862,0.995,0.005,1.0
2025-12-11T01:59:57.104860,0.995,0.005,1.0
2025-12-11T01:59:57.716080,0.995,0.005,1.0
2025-12-11T01:59:58.331224,0.995,0.005,1.0
2025-12-11T01:59:58.946899,0.995,0.005,1.0
2025-12-11T01:59:59.561561,0.995,0.005,1.0
2025-12-11T02:00:00.174952,0.995,0.005,1.0
2025-12-11T02:00:00.780856,0.995,0.005,1.0
2025-12-11T02:00:01.398336,0.995,0.005,1.0
2025-12-11T02:00:02.012267,0.995,0.005,1.0
2025-12-11T02:00:02.629267,0.995,0.005,1.0
2025-12-11T02:00:03.252627,0.995,0.005,1.0
2025-12-11T02:00:03.884202,0.995,0.005,1.0
2025-12-11T02:00:04.509097,0.995,0.005,1.0
2025-12-11T02:00:05.125215,0.995,0.005,1.0
2025-12-11T02:00:05.749602,0.995,0.005,1.0
2025-12-11T02:00:06.391905,0.995,0.005,1.0
2025-12-11T02:00:07.005874,0.995,0.005,1.0
2025-12-11T02:00:07.632599,0.995,0.005,1.0
2025-12-11T02:00:08.275584,0.995,0.005,1.0
2025-12-11T02:00:08.882662,0.995,0.005,1.0
2025-12-11T02:00:09.489445,0.995,0.005,1.0
2025-12-11T02:00:10.101942,0.995,0.005,1.0
2025-12-11T02:00:10.714592,0.995,0.005,1.0
2025-12-11T02:00:11.331839,0.995,0.005,1.0
2025-12-11T02:00:11.949289,0.995,0.005,1.0
2025-12-11T02:00:12.553074,0.995,0.005,1.0
2025-12-11T02:00:13.167539,0.995,0.005,1.0
2025-12-11T02:00:13.785902,0.995,0.005,1.0
2025-12-11T02:00:14.405762,0.995,0.005,1.0
2025-12-11T02:00:15.018905,0.995,0.005,1.0
2025-12-11T02:00:15.638756,0.995,0.005,1.0
2025-12-11T02:00:16.253174,0.995,0.005,1.0
2025-12-11T02:00:16.869202,0.995,0.005,1.0
2025-12-11T02:00:17.481158,0.995,0.005,1.0
2025-12-11T02:00:18.107651,0.995,0.005,1.0
2025-12-11T02:00:18.734965,0.995,0.005,1.0
2025-12-11T02:00:19.351273,0.995,0.005,1.0
2025-12-11T02:00:19.966905,0.995,0.005,1.0
2025-12-11T02:00:20.621438,0.995,0.005,1.0
2025-12-11T02:00:21.235517,0.995,0.005,1.0
2025-12-11T02:00:21.856077,0.995,0.005,1.0
2025-12-11T02:00:22.475144,0.995,0.005,1.0
2025-12-11T02:00:23.088664,0.995,0.005,1.0
2025-12-11T02:00:23.713410,0.995,0.005,1.0
2025-12-11T02:00:24.328083,0.995,0.005,1.0
2025-12-11T02:00:24.941080,0.995,0.005,1.0
2025-12-11T02:00:25.558371,0.995,0.005,1.0
2025-12-11T02:00:26.175823,0.995,0.005,1.0
2025-12-11T02:00:26.791168,0.995,0.005,1.0
2025-12-11T02:00:25.764206,0.995,0.005,1.0
2025-12-11T02:00:26.378398,0.995,0.005,1.0
2025-12-11T02:00:26.997381,0.995,0.005,1.0
2025-12-11T02:00:27.609268,0.995,0.005,1.0
2025-12-11T02:00:28.227559,0.995,0.005,1.0
2025-12-11T02:00:28.838609,0.995,0.005,1.0
2025-12-11T02:00:29.453320,0.995,0.005,1.0
2025-12-11T02:00:30.074099,0.995,0.005,1.0
2025-12-11T02:00:30.694700,0.995,0.005,1.0
2025-12-11T02:00:31.307628,0.995,0.005,1.0
2025-12-11T02:00:31.918008,0.995,0.005,1.0
2025-12-11T02:00:32.532496,0.995,0.005,1.0
2025-12-11T02:00:33.147894,0.995,0.005,1.0
2025-12-11T02:00:33.770690,0.995,0.005,1.0
2025-12-11T02:00:34.380102,0.995,0.005,1.0
2025-12-11T02:00:34.989403,0.995,0.005,1.0
2025-12-11T02:00:35.621492,0.995,0.005,1.0
2025-12-11T02:00:36.240893,0.995,0.005,1.0
2025-12-11T02:00:36.861221,0.995,0.005,1.0
2025-12-11T02:00:37.484621,0.995,0.005,1.0
2025-12-11T02:00:38.119269,0.995,0.005,1.0
2025-12-11T02:00:38.738254,0.995,0.005,1.0
2025-12-11T02:00:39.354802,0.995,0.005,1.0
2025-12-11T02:00:39.985189,0.995,0.005,1.0
2025-12-11T02:00:40.601134,0.995,0.005,1.0
2025-12-11T02:00:41.229894,0.995,0.005,1.0
2025-12-11T02:00:41.856308,0.995,0.005,1.0
2025-12-11T02:00:42.476541,0.995,0.005,1.0
2025-12-11T02:00:43.076772,0.995,0.005,1.0
2025-12-11T02:00:43.686033,0.995,0.005,1.0
2025-12-11T02:00:44.288884,0.995,0.005,1.0
2025-12-11T02:00:44.906435,0.995,0.005,1.0
2025-12-11T02:00:45.509818,0.995,0.005,1.0
2025-12-11T02:00:46.116597,0.995,0.005,1.0
2025-12-11T02:00:46.722762,0.995,0.005,1.0
2025-12-11T02:00:47.328820,0.995,0.005,1.0
2025-12-11T02:00:47.928239,0.995,0.005,1.0
2025-12-11T02:00:48.532693,0.995,0.005,1.0
2025-12-11T02:00:49.139009,0.995,0.005,1.0
2025-12-11T02:00:49.753810,0.995,0.005,1.0
2025-12-11T02:00:50.358016,0.995,0.005,1.0
2025-12-11T02:00:50.962255,0.995,0.005,1.0
2025-12-11T02:00:51.568780,0.995,0.005,1.0
2025-12-11T02:00:52.173738,0.995,0.005,1.0
2025-12-11T02:00:52.776771,0.995,0.005,1.0
2025-12-11T02:00:53.384097,0.995,0.005,1.0
2025-12-11T02:00:53.983007,0.995,0.005,1.0
2025-12-11T02:00:54.586556,0.995,0.005,1.0
2025-12-11T02:00:55.179787,0.995,0.005,1.0
2025-12-11T02:00:55.781798,0.995,0.005,1.0
2025-12-11T02:00:56.385038,0.995,0.005,1.0
2025-12-11T02:00:57.001182,0.995,0.005,1.0
2025-12-11T02:00:57.603419,0.995,0.005,1.0
2025-12-11T02:00:56.613667,0.995,0.005,1.0
2025-12-11T02:00:57.228902,0.995,0.005,1.0
2025-12-11T02:00:57.963282,0.995,0.005,1.0
2025-12-11T02:00:58.566492,0.995,0.005,1.0
