timestamp,price_yes,price_no,sum_prices
2025-12-12T18:46:00.369493,0.485,0.515,1.0
2025-12-12T18:46:00.995894,0.48,0.515,0.995
2025-12-12T18:46:01.621531,0.495,0.505,1.0
2025-12-12T18:46:02.258486,0.495,0.505,1.0
2025-12-12T18:46:02.878543,0.505,0.495,1.0
2025-12-12T18:46:03.497995,0.515,0.48,0.995
2025-12-12T18:46:04.134249,0.535,0.465,1.0
2025-12-12T18:46:04.762606,0.525,0.47,0.995
2025-12-12T18:46:05.442481,0.535,0.465,1.0
2025-12-12T18:46:06.060266,0.525,0.475,1.0
2025-12-12T18:46:06.682189,0.53,0.47,1.0
2025-12-12T18:46:07.302544,0.53,0.47,1.0
2025-12-12T18:46:06.126317,0.515,0.485,1.0
2025-12-12T18:46:06.733577,0.52,0.48,1.0
2025-12-12T18:46:07.355157,0.525,0.475,1.0
2025-12-12T18:46:07.974746,0.515,0.49,1.005
2025-12-12T18:46:08.581833,0.51,0.49,1.0
2025-12-12T18:46:09.195043,0.515,0.485,1.0
2025-12-12T18:46:09.817276,0.51,0.49,1.0
2025-12-12T18:46:10.444872,0.515,0.485,1.0
2025-12-12T18:46:11.044034,0.515,0.485,1.0
2025-12-12T18:46:11.652714,0.515,0.485,1.0
2025-12-12T18:46:12.265860,0.525,0.475,1.0
2025-12-12T18:46:12.886999,0.525,0.475,1.0
2025-12-12T18:46:13.497413,0.525,0.475,1.0
2025-12-12T18:46:14.114338,0.525,0.475,1.0
2025-12-12T18:46:14.733009,0.51,0.49,1.0
2025-12-12T18:46:15.335953,0.505,0.495,1.0
2025-12-12T18:46:15.938079,0.495,0.505,1.0
2025-12-12T18:46:16.556889,0.495,0.515,1.01
2025-12-12T18:46:17.169209,0.475,0.525,1.0
2025-12-12T18:46:17.783250,0.475,0.525,1.0
2025-12-12T18:46:18.389172,0.475,0.525,1.0
2025-12-12T18:46:18.994384,0.5,0.5,1.0
2025-12-12T18:46:19.597788,0.49,0.51,1.0
2025-12-12T18:46:20.205749,0.485,0.515,1.0
2025-12-12T18:46:20.817069,0.485,0.515,1.0
2025-12-12T18:46:21.429126,0.495,0.505,1.0
2025-12-12T18:46:22.036861,0.495,0.505,1.0
2025-12-12T18:46:22.639453,0.495,0.505,1.0
2025-12-12T18:46:23.256935,0.485,0.515,1.0
2025-12-12T18:46:23.859339,0.475,0.525,1.0
2025-12-12T18:46:24.479320,0.465,0.535,1.0
2025-12-12T18:46:25.101092,0.465,0.535,1.0
2025-12-12T18:46:25.712221,0.465,0.535,1.0
2025-12-12T18:46:26.321127,0.465,0.535,1.0
2025-12-12T18:46:26.929577,0.465,0.535,1.0
2025-12-12T18:46:27.542947,0.455,0.545,1.0
2025-12-12T18:46:28.157267,0.465,0.535,1.0
2025-12-12T18:46:28.901175,0.455,0.545,1.0
2025-12-12T18:46:29.517183,0.455,0.545,1.0
2025-12-12T18:46:30.136897,0.455,0.545,1.0
2025-12-12T18:46:30.742696,0.455,0.545,1.0
2025-12-12T18:46:31.344788,0.445,0.555,1.0
2025-12-12T18:46:31.944716,0.455,0.545,1.0
2025-12-12T18:46:32.558028,0.495,0.505,1.0
2025-12-12T18:46:33.176618,0.505,0.495,1.0
2025-12-12T18:46:33.793177,0.52,0.48,1.0
2025-12-12T18:46:34.399090,0.53,0.475,1.005
2025-12-12T18:46:35.014238,0.525,0.475,1.0
2025-12-12T18:46:35.613594,0.525,0.475,1.0
2025-12-12T18:46:36.252956,0.53,0.47,1.0
2025-12-12T18:46:36.858484,0.515,0.475,0.99
2025-12-12T18:46:37.469258,0.52,0.48,1.0
2025-12-12T18:46:38.076647,0.515,0.485,1.0
2025-12-12T18:46:38.700542,0.52,0.475,0.995
2025-12-12T18:46:39.311139,0.525,0.475,1.0
2025-12-12T18:46:39.916944,0.515,0.485,1.0
2025-12-12T18:46:40.568713,0.515,0.485,1.0
2025-12-12T18:46:41.171083,0.505,0.495,1.0
2025-12-12T18:46:41.776692,0.505,0.495,1.0
2025-12-12T18:46:42.382312,0.515,0.485,1.0
2025-12-12T18:46:42.997617,0.515,0.485,1.0
2025-12-12T18:46:43.613280,0.515,0.485,1.0
2025-12-12T18:46:44.246902,0.54,0.46,1.0
2025-12-12T18:46:44.863161,0.545,0.455,1.0
2025-12-12T18:46:45.469211,0.545,0.455,1.0
2025-12-12T18:46:46.083869,0.545,0.455,1.0
2025-12-12T18:46:46.706607,0.555,0.445,1.0
2025-12-12T18:46:47.306827,0.565,0.435,1.0
2025-12-12T18:46:47.906538,0.575,0.425,1.0
2025-12-12T18:46:48.507826,0.575,0.425,1.0
2025-12-12T18:46:49.120974,0.575,0.42,0.9949999999999999
2025-12-12T18:46:49.729650,0.6,0.4,1.0
2025-12-12T18:46:50.336613,0.605,0.395,1.0
2025-12-12T18:46:50.942483,0.615,0.385,1.0
2025-12-12T18:46:51.568250,0.61,0.39,1.0
2025-12-12T18:46:52.166955,0.615,0.385,1.0
2025-12-12T18:46:52.763547,0.595,0.405,1.0
2025-12-12T18:46:50.906680,0.61,0.39,1.0
2025-12-12T18:46:51.507590,0.615,0.385,1.0
2025-12-12T18:46:52.112033,0.625,0.375,1.0
2025-12-12T18:46:52.711407,0.625,0.375,1.0
2025-12-12T18:46:53.304923,0.625,0.375,1.0
2025-12-12T18:46:53.905650,0.645,0.355,1.0
2025-12-12T18:46:54.510563,0.655,0.335,0.99
2025-12-12T18:46:55.105625,0.675,0.325,1.0
2025-12-12T18:46:55.700689,0.685,0.315,1.0
2025-12-12T18:46:56.310872,0.695,0.305,1.0
2025-12-12T18:46:56.906067,0.695,0.305,1.0
2025-12-12T18:46:57.505557,0.695,0.305,1.0
2025-12-12T18:46:58.109450,0.705,0.295,1.0
2025-12-12T18:46:58.713574,0.705,0.295,1.0
2025-12-12T18:46:59.312058,0.705,0.295,1.0
2025-12-12T18:46:59.917069,0.715,0.285,1.0
2025-12-12T18:47:00.524825,0.7,0.3,1.0
2025-12-12T18:47:01.135843,0.7,0.3,1.0
2025-12-12T18:47:01.767676,0.7,0.3,1.0
2025-12-12T18:47:02.399874,0.695,0.305,1.0
2025-12-12T18:47:03.020104,0.685,0.315,1.0
2025-12-12T18:47:03.638312,0.695,0.31,1.005
2025-12-12T18:47:04.249642,0.695,0.305,1.0
2025-12-12T18:47:04.874313,0.69,0.31,1.0
2025-12-12T18:47:05.481641,0.665,0.335,1.0
2025-12-12T18:47:06.096131,0.66,0.335,0.9950000000000001
2025-12-12T18:47:06.699318,0.66,0.34,1.0
2025-12-12T18:47:07.323019,0.655,0.345,1.0
2025-12-12T18:47:07.940597,0.68,0.32,1.0
2025-12-12T18:47:08.550708,0.68,0.32,1.0
2025-12-12T18:47:09.172621,0.675,0.32,0.9950000000000001
2025-12-12T18:47:09.795071,0.695,0.305,1.0
2025-12-12T18:47:10.411790,0.685,0.315,1.0
2025-12-12T18:47:11.029281,0.685,0.325,1.01
2025-12-12T18:47:11.670994,0.675,0.325,1.0
2025-12-12T18:47:12.281841,0.675,0.33,1.0050000000000001
2025-12-12T18:47:12.928429,0.67,0.33,1.0
2025-12-12T18:47:13.551785,0.67,0.33,1.0
2025-12-12T18:47:14.177446,0.675,0.325,1.0
2025-12-12T18:47:14.792554,0.675,0.325,1.0
2025-12-12T18:47:15.419778,0.675,0.325,1.0
2025-12-12T18:47:16.041011,0.65,0.35,1.0
2025-12-12T18:47:16.658340,0.65,0.35,1.0
2025-12-12T18:47:17.285637,0.655,0.345,1.0
2025-12-12T18:47:17.901199,0.655,0.345,1.0
2025-12-12T18:47:18.521604,0.655,0.345,1.0
2025-12-12T18:47:19.132469,0.655,0.345,1.0
2025-12-12T18:47:19.739216,0.655,0.345,1.0
2025-12-12T18:47:20.351943,0.655,0.345,1.0
2025-12-12T18:47:20.964584,0.655,0.35,1.005
2025-12-12T18:47:21.572113,0.655,0.35,1.005
2025-12-12T18:47:22.192417,0.635,0.365,1.0
2025-12-12T18:47:22.814628,0.645,0.355,1.0
2025-12-12T18:47:21.693987,0.645,0.355,1.0
2025-12-12T18:47:22.348040,0.655,0.345,1.0
2025-12-12T18:47:23.042722,0.655,0.345,1.0
2025-12-12T18:47:23.661769,0.65,0.355,1.005
2025-12-12T18:47:24.273524,0.645,0.355,1.0
2025-12-12T18:47:24.894181,0.62,0.38,1.0
2025-12-12T18:47:25.526881,0.62,0.38,1.0
2025-12-12T18:47:26.155154,0.625,0.375,1.0
2025-12-12T18:47:26.767017,0.63,0.37,1.0
2025-12-12T18:47:27.391928,0.63,0.37,1.0
2025-12-12T18:47:28.018037,0.63,0.375,1.005
2025-12-12T18:47:28.618635,0.615,0.385,1.0
2025-12-12T18:47:29.227082,0.615,0.385,1.0
2025-12-12T18:47:29.844882,0.625,0.375,1.0
2025-12-12T18:47:30.467605,0.635,0.365,1.0
2025-12-12T18:47:31.075496,0.635,0.365,1.0
2025-12-12T18:47:31.700898,0.645,0.355,1.0
2025-12-12T18:47:32.355562,0.655,0.345,1.0
2025-12-12T18:47:32.969075,0.65,0.35,1.0
2025-12-12T18:47:33.586402,0.655,0.345,1.0
2025-12-12T18:47:34.195467,0.665,0.335,1.0
2025-12-12T18:47:34.801808,0.665,0.335,1.0
2025-12-12T18:47:35.415649,0.685,0.315,1.0
2025-12-12T18:47:36.014759,0.69,0.305,0.9949999999999999
2025-12-12T18:47:36.626929,0.695,0.305,1.0
2025-12-12T18:47:37.229221,0.695,0.305,1.0
2025-12-12T18:47:37.832704,0.7,0.3,1.0
2025-12-12T18:47:38.440446,0.705,0.295,1.0
2025-12-12T18:47:39.056675,0.705,0.295,1.0
2025-12-12T18:47:39.670646,0.705,0.295,1.0
2025-12-12T18:47:40.282491,0.705,0.295,1.0
2025-12-12T18:47:40.895985,0.705,0.295,1.0
2025-12-12T18:47:41.513269,0.7,0.3,1.0
2025-12-12T18:47:42.113014,0.695,0.305,1.0
2025-12-12T18:47:42.738360,0.695,0.305,1.0
2025-12-12T18:47:43.345530,0.695,0.305,1.0
2025-12-12T18:47:43.959871,0.695,0.305,1.0
2025-12-12T18:47:44.577630,0.695,0.305,1.0
2025-12-12T18:47:45.180375,0.7,0.3,1.0
2025-12-12T18:47:45.815761,0.7,0.295,0.9949999999999999
2025-12-12T18:47:46.422723,0.7,0.3,1.0
2025-12-12T18:47:47.041341,0.695,0.305,1.0
2025-12-12T18:47:47.655882,0.695,0.305,1.0
2025-12-12T18:47:48.286324,0.695,0.305,1.0
2025-12-12T18:47:48.908485,0.695,0.305,1.0
2025-12-12T18:47:49.518026,0.695,0.305,1.0
2025-12-12T18:47:50.136877,0.695,0.305,1.0
2025-12-12T18:47:50.746629,0.695,0.305,1.0
2025-12-12T18:47:51.357863,0.695,0.305,1.0
2025-12-12T18:47:51.979230,0.695,0.305,1.0
2025-12-12T18:47:52.601686,0.695,0.305,1.0
2025-12-12T18:47:53.200095,0.695,0.305,1.0
2025-12-12T18:47:51.653120,0.685,0.33,1.0150000000000001
2025-12-12T18:47:52.255339,0.66,0.34,1.0
2025-12-12T18:47:52.858994,0.65,0.35,1.0
2025-12-12T18:47:53.464166,0.645,0.355,1.0
2025-12-12T18:47:54.078977,0.655,0.345,1.0
2025-12-12T18:47:54.697466,0.645,0.355,1.0
2025-12-12T18:47:55.308809,0.65,0.35,1.0
2025-12-12T18:47:55.912475,0.655,0.345,1.0
2025-12-12T18:47:56.524795,0.655,0.345,1.0
2025-12-12T18:47:57.135605,0.64,0.365,1.005
2025-12-12T18:47:57.747432,0.65,0.35,1.0
2025-12-12T18:47:58.362451,0.65,0.345,0.995
2025-12-12T18:47:58.973522,0.65,0.35,1.0
2025-12-12T18:47:59.599841,0.65,0.35,1.0
2025-12-12T18:48:00.196689,0.655,0.345,1.0
2025-12-12T18:48:00.826559,0.65,0.35,1.0
2025-12-12T18:48:01.439056,0.65,0.35,1.0
2025-12-12T18:48:02.065669,0.645,0.355,1.0
2025-12-12T18:48:02.670425,0.62,0.385,1.005
2025-12-12T18:48:03.272585,0.605,0.395,1.0
2025-12-12T18:48:03.880138,0.605,0.395,1.0
2025-12-12T18:48:04.486547,0.605,0.395,1.0
2025-12-12T18:48:05.093841,0.625,0.37,0.995
2025-12-12T18:48:05.698936,0.625,0.375,1.0
2025-12-12T18:48:06.311821,0.62,0.38,1.0
2025-12-12T18:48:06.924865,0.625,0.37,0.995
2025-12-12T18:48:07.562770,0.63,0.37,1.0
2025-12-12T18:48:08.173642,0.635,0.365,1.0
2025-12-12T18:48:08.784844,0.635,0.365,1.0
2025-12-12T18:48:09.387401,0.645,0.355,1.0
2025-12-12T18:48:10.014420,0.645,0.355,1.0
2025-12-12T18:48:10.671426,0.645,0.355,1.0
2025-12-12T18:48:11.282442,0.645,0.355,1.0
2025-12-12T18:48:11.890616,0.655,0.345,1.0
2025-12-12T18:48:12.491712,0.65,0.35,1.0
2025-12-12T18:48:13.108672,0.64,0.36,1.0
2025-12-12T18:48:13.734059,0.645,0.345,0.99
2025-12-12T18:48:14.352600,0.66,0.34,1.0
2025-12-12T18:48:14.960567,0.66,0.34,1.0
2025-12-12T18:48:15.590957,0.665,0.335,1.0
2025-12-12T18:48:16.196737,0.665,0.335,1.0
2025-12-12T18:48:16.800320,0.675,0.325,1.0
2025-12-12T18:48:17.425537,0.67,0.33,1.0
2025-12-12T18:48:18.039675,0.655,0.345,1.0
2025-12-12T18:48:18.642828,0.66,0.34,1.0
2025-12-12T18:48:19.265010,0.655,0.345,1.0
2025-12-12T18:48:19.864847,0.65,0.35,1.0
2025-12-12T18:48:20.471162,0.65,0.35,1.0
2025-12-12T18:48:21.085827,0.645,0.35,0.995
2025-12-12T18:48:21.694061,0.65,0.35,1.0
2025-12-12T18:48:22.308753,0.655,0.345,1.0
2025-12-12T18:48:22.945390,0.65,0.35,1.0
2025-12-12T18:48:23.544845,0.655,0.345,1.0
2025-12-12T18:48:22.319457,0.65,0.35,1.0
2025-12-12T18:48:22.959055,0.655,0.345,1.0
2025-12-12T18:48:23.564477,0.655,0.345,1.0
2025-12-12T18:48:24.187788,0.665,0.335,1.0
2025-12-12T18:48:24.797232,0.685,0.315,1.0
2025-12-12T18:48:25.419088,0.68,0.32,1.0
2025-12-12T18:48:26.076537,0.675,0.325,1.0
2025-12-12T18:48:26.710105,0.645,0.365,1.01
2025-12-12T18:48:27.326162,0.625,0.375,1.0
2025-12-12T18:48:27.962315,0.615,0.385,1.0
2025-12-12T18:48:28.572004,0.615,0.385,1.0
2025-12-12T18:48:29.194891,0.615,0.385,1.0
2025-12-12T18:48:29.794939,0.615,0.385,1.0
2025-12-12T18:48:30.394250,0.615,0.385,1.0
2025-12-12T18:48:31.004590,0.605,0.395,1.0
2025-12-12T18:48:31.642033,0.615,0.385,1.0
2025-12-12T18:48:32.254300,0.615,0.385,1.0
2025-12-12T18:48:32.863687,0.63,0.37,1.0
2025-12-12T18:48:33.466458,0.635,0.365,1.0
2025-12-12T18:48:34.091062,0.635,0.365,1.0
2025-12-12T18:48:34.697812,0.645,0.355,1.0
2025-12-12T18:48:35.303792,0.655,0.345,1.0
2025-12-12T18:48:35.926760,0.67,0.33,1.0
2025-12-12T18:48:36.539842,0.665,0.335,1.0
2025-12-12T18:48:37.156862,0.655,0.345,1.0
2025-12-12T18:48:37.778163,0.655,0.345,1.0
2025-12-12T18:48:38.391689,0.645,0.355,1.0
2025-12-12T18:48:39.012831,0.65,0.35,1.0
2025-12-12T18:48:39.621429,0.655,0.345,1.0
2025-12-12T18:48:40.253504,0.635,0.365,1.0
2025-12-12T18:48:40.869563,0.63,0.37,1.0
2025-12-12T18:48:41.504049,0.63,0.37,1.0
2025-12-12T18:48:42.113721,0.625,0.375,1.0
2025-12-12T18:48:42.745058,0.635,0.365,1.0
2025-12-12T18:48:43.355903,0.635,0.365,1.0
2025-12-12T18:48:43.964375,0.635,0.365,1.0
2025-12-12T18:48:44.573413,0.635,0.365,1.0
2025-12-12T18:48:45.194728,0.635,0.365,1.0
2025-12-12T18:48:45.817804,0.63,0.37,1.0
2025-12-12T18:48:46.437038,0.635,0.365,1.0
2025-12-12T18:48:47.053048,0.625,0.375,1.0
2025-12-12T18:48:47.662961,0.645,0.355,1.0
2025-12-12T18:48:48.265587,0.645,0.355,1.0
2025-12-12T18:48:48.890733,0.65,0.35,1.0
2025-12-12T18:48:49.491017,0.655,0.345,1.0
2025-12-12T18:48:50.110079,0.655,0.345,1.0
2025-12-12T18:48:50.725074,0.655,0.345,1.0
2025-12-12T18:48:51.358051,0.65,0.35,1.0
2025-12-12T18:48:51.981777,0.65,0.35,1.0
2025-12-12T18:48:52.593262,0.645,0.355,1.0
2025-12-12T18:48:53.220596,0.645,0.355,1.0
2025-12-12T18:48:53.823596,0.645,0.355,1.0
2025-12-12T18:48:52.618643,0.645,0.355,1.0
2025-12-12T18:48:53.235680,0.655,0.345,1.0
2025-12-12T18:48:53.870186,0.665,0.335,1.0
2025-12-12T18:48:54.468684,0.675,0.325,1.0
2025-12-12T18:48:55.067036,0.695,0.305,1.0
2025-12-12T18:48:55.683034,0.69,0.31,1.0
2025-12-12T18:48:56.287318,0.695,0.305,1.0
2025-12-12T18:48:56.901856,0.685,0.315,1.0
2025-12-12T18:48:57.590745,0.685,0.315,1.0
2025-12-12T18:48:58.192908,0.68,0.32,1.0
2025-12-12T18:48:58.799074,0.675,0.325,1.0
2025-12-12T18:48:59.417987,0.68,0.32,1.0
2025-12-12T18:49:00.021466,0.675,0.325,1.0
2025-12-12T18:49:00.641330,0.665,0.335,1.0
2025-12-12T18:49:01.284251,0.665,0.355,1.02
2025-12-12T18:49:01.896784,0.645,0.355,1.0
2025-12-12T18:49:02.506896,0.645,0.355,1.0
2025-12-12T18:49:03.127013,0.635,0.365,1.0
2025-12-12T18:49:03.748857,0.635,0.365,1.0
2025-12-12T18:49:04.357900,0.635,0.365,1.0
2025-12-12T18:49:04.989677,0.635,0.365,1.0
2025-12-12T18:49:05.599882,0.645,0.355,1.0
2025-12-12T18:49:06.211198,0.625,0.375,1.0
2025-12-12T18:49:06.833557,0.605,0.395,1.0
2025-12-12T18:49:07.444226,0.575,0.425,1.0
2025-12-12T18:49:08.109690,0.55,0.45,1.0
2025-12-12T18:49:08.710143,0.535,0.465,1.0
2025-12-12T18:49:09.328293,0.545,0.455,1.0
2025-12-12T18:49:09.952617,0.555,0.445,1.0
2025-12-12T18:49:10.571772,0.555,0.445,1.0
2025-12-12T18:49:11.171449,0.545,0.455,1.0
2025-12-12T18:49:11.782539,0.545,0.455,1.0
2025-12-12T18:49:12.385132,0.545,0.455,1.0
2025-12-12T18:49:12.993625,0.545,0.455,1.0
2025-12-12T18:49:13.622830,0.525,0.475,1.0
2025-12-12T18:49:14.250472,0.525,0.475,1.0
2025-12-12T18:49:14.853925,0.525,0.475,1.0
2025-12-12T18:49:15.450871,0.525,0.475,1.0
2025-12-12T18:49:16.072988,0.525,0.465,0.99
2025-12-12T18:49:16.679293,0.54,0.455,0.9950000000000001
2025-12-12T18:49:17.278701,0.535,0.465,1.0
2025-12-12T18:49:17.883239,0.525,0.475,1.0
2025-12-12T18:49:18.496250,0.525,0.475,1.0
2025-12-12T18:49:19.105452,0.525,0.475,1.0
2025-12-12T18:49:19.721223,0.525,0.475,1.0
2025-12-12T18:49:20.329555,0.535,0.465,1.0
2025-12-12T18:49:20.943117,0.555,0.445,1.0
2025-12-12T18:49:21.555105,0.56,0.44,1.0
2025-12-12T18:49:22.164661,0.57,0.425,0.9949999999999999
2025-12-12T18:49:22.770215,0.575,0.425,1.0
2025-12-12T18:49:23.378368,0.575,0.425,1.0
2025-12-12T18:49:23.992258,0.575,0.42,0.9949999999999999
2025-12-12T18:49:22.685568,0.585,0.415,1.0
2025-12-12T18:49:23.307993,0.575,0.425,1.0
2025-12-12T18:49:23.930792,0.575,0.425,1.0
2025-12-12T18:49:24.542413,0.575,0.425,1.0
2025-12-12T18:49:25.152480,0.575,0.425,1.0
2025-12-12T18:49:25.758137,0.575,0.425,1.0
2025-12-12T18:49:26.358216,0.57,0.43,1.0
2025-12-12T18:49:26.959991,0.55,0.45,1.0
2025-12-12T18:49:27.556737,0.53,0.47,1.0
2025-12-12T18:49:28.174048,0.535,0.465,1.0
2025-12-12T18:49:28.812368,0.53,0.47,1.0
2025-12-12T18:49:29.423341,0.525,0.48,1.005
2025-12-12T18:49:30.120833,0.515,0.485,1.0
2025-12-12T18:49:30.755467,0.505,0.495,1.0
2025-12-12T18:49:31.371483,0.495,0.51,1.005
2025-12-12T18:49:31.984659,0.5,0.5,1.0
2025-12-12T18:49:32.585818,0.505,0.495,1.0
2025-12-12T18:49:33.220794,0.505,0.495,1.0
2025-12-12T18:49:33.821320,0.505,0.495,1.0
2025-12-12T18:49:34.421235,0.515,0.485,1.0
2025-12-12T18:49:35.021799,0.515,0.485,1.0
2025-12-12T18:49:35.624744,0.515,0.485,1.0
2025-12-12T18:49:36.234042,0.515,0.485,1.0
2025-12-12T18:49:36.877627,0.515,0.485,1.0
2025-12-12T18:49:37.488179,0.505,0.495,1.0
2025-12-12T18:49:38.088794,0.505,0.495,1.0
2025-12-12T18:49:38.694675,0.495,0.505,1.0
2025-12-12T18:49:39.315858,0.495,0.505,1.0
2025-12-12T18:49:39.919707,0.49,0.515,1.005
2025-12-12T18:49:40.533437,0.485,0.515,1.0
2025-12-12T18:49:41.136243,0.485,0.515,1.0
2025-12-12T18:49:41.736302,0.51,0.49,1.0
2025-12-12T18:49:42.359293,0.515,0.485,1.0
2025-12-12T18:49:42.982425,0.535,0.465,1.0
2025-12-12T18:49:43.591889,0.525,0.47,0.995
2025-12-12T18:49:44.194173,0.535,0.465,1.0
2025-12-12T18:49:44.810805,0.53,0.47,1.0
2025-12-12T18:49:45.431483,0.53,0.47,1.0
2025-12-12T18:49:46.058180,0.535,0.465,1.0
2025-12-12T18:49:46.670491,0.535,0.465,1.0
2025-12-12T18:49:47.297425,0.535,0.465,1.0
2025-12-12T18:49:47.913872,0.545,0.455,1.0
2025-12-12T18:49:48.525798,0.555,0.445,1.0
2025-12-12T18:49:49.140998,0.555,0.445,1.0
2025-12-12T18:49:49.779597,0.545,0.45,0.9950000000000001
2025-12-12T18:49:50.384758,0.555,0.445,1.0
2025-12-12T18:49:51.001724,0.555,0.445,1.0
2025-12-12T18:49:51.616643,0.555,0.445,1.0
2025-12-12T18:49:52.217026,0.555,0.445,1.0
2025-12-12T18:49:52.822896,0.55,0.445,0.9950000000000001
2025-12-12T18:49:53.428550,0.555,0.445,1.0
2025-12-12T18:49:54.030140,0.555,0.445,1.0
2025-12-12T18:49:54.627530,0.555,0.445,1.0
2025-12-12T18:49:53.396091,0.565,0.435,1.0
2025-12-12T18:49:54.049815,0.58,0.42,1.0
2025-12-12T18:49:54.654271,0.585,0.415,1.0
2025-12-12T18:49:55.274246,0.59,0.41,1.0
2025-12-12T18:49:55.907988,0.59,0.41,1.0
2025-12-12T18:49:56.548287,0.59,0.41,1.0
2025-12-12T18:49:57.156890,0.595,0.405,1.0
2025-12-12T18:49:57.755250,0.595,0.405,1.0
2025-12-12T18:49:58.362868,0.605,0.395,1.0
2025-12-12T18:49:58.967624,0.605,0.395,1.0
2025-12-12T18:49:59.604474,0.605,0.395,1.0
2025-12-12T18:50:00.213607,0.605,0.395,1.0
2025-12-12T18:50:00.836216,0.625,0.375,1.0
2025-12-12T18:50:01.436786,0.625,0.375,1.0
2025-12-12T18:50:02.041477,0.635,0.37,1.005
2025-12-12T18:50:02.653555,0.625,0.375,1.0
2025-12-12T18:50:03.257043,0.625,0.375,1.0
2025-12-12T18:50:03.859791,0.615,0.385,1.0
2025-12-12T18:50:04.479653,0.615,0.385,1.0
2025-12-12T18:50:05.108527,0.615,0.385,1.0
2025-12-12T18:50:05.721813,0.615,0.385,1.0
2025-12-12T18:50:06.358065,0.605,0.395,1.0
2025-12-12T18:50:06.971781,0.61,0.39,1.0
2025-12-12T18:50:07.584283,0.605,0.395,1.0
2025-12-12T18:50:08.183092,0.585,0.425,1.01
2025-12-12T18:50:08.791060,0.555,0.445,1.0
2025-12-12T18:50:09.392965,0.545,0.455,1.0
2025-12-12T18:50:10.008155,0.545,0.455,1.0
2025-12-12T18:50:10.621161,0.545,0.455,1.0
2025-12-12T18:50:11.258243,0.545,0.455,1.0
2025-12-12T18:50:11.869961,0.505,0.495,1.0
2025-12-12T18:50:12.481642,0.485,0.515,1.0
2025-12-12T18:50:13.097091,0.485,0.515,1.0
2025-12-12T18:50:13.699776,0.485,0.515,1.0
2025-12-12T18:50:14.306320,0.485,0.515,1.0
2025-12-12T18:50:14.903594,0.46,0.535,0.9950000000000001
2025-12-12T18:50:15.512291,0.455,0.545,1.0
2025-12-12T18:50:16.124243,0.445,0.555,1.0
2025-12-12T18:50:16.719284,0.435,0.565,1.0
2025-12-12T18:50:17.334911,0.435,0.565,1.0
2025-12-12T18:50:17.943154,0.435,0.565,1.0
2025-12-12T18:50:18.559745,0.445,0.555,1.0
2025-12-12T18:50:19.202721,0.44,0.56,1.0
2025-12-12T18:50:19.808849,0.44,0.565,1.005
2025-12-12T18:50:20.420025,0.445,0.555,1.0
2025-12-12T18:50:21.031874,0.44,0.56,1.0
2025-12-12T18:50:21.655080,0.44,0.56,1.0
2025-12-12T18:50:22.265414,0.44,0.56,1.0
2025-12-12T18:50:22.907556,0.44,0.56,1.0
2025-12-12T18:50:23.517828,0.44,0.56,1.0
2025-12-12T18:50:24.131837,0.44,0.56,1.0
2025-12-12T18:50:24.752254,0.44,0.56,1.0
2025-12-12T18:50:23.484840,0.435,0.565,1.0
2025-12-12T18:50:24.125993,0.445,0.55,0.9950000000000001
2025-12-12T18:50:24.734558,0.465,0.53,0.9950000000000001
2025-12-12T18:50:25.338761,0.475,0.525,1.0
2025-12-12T18:50:25.962853,0.475,0.525,1.0
2025-12-12T18:50:26.564978,0.47,0.535,1.005
2025-12-12T18:50:27.191500,0.465,0.535,1.0
2025-12-12T18:50:27.802553,0.465,0.535,1.0
2025-12-12T18:50:28.404565,0.465,0.535,1.0
2025-12-12T18:50:29.025142,0.465,0.535,1.0
2025-12-12T18:50:29.656501,0.475,0.525,1.0
2025-12-12T18:50:30.279936,0.475,0.535,1.01
2025-12-12T18:50:30.885393,0.465,0.535,1.0
2025-12-12T18:50:31.500085,0.465,0.535,1.0
2025-12-12T18:50:32.137635,0.465,0.535,1.0
2025-12-12T18:50:32.733334,0.455,0.545,1.0
2025-12-12T18:50:33.337397,0.445,0.555,1.0
2025-12-12T18:50:33.954060,0.445,0.555,1.0
2025-12-12T18:50:34.554381,0.445,0.555,1.0
2025-12-12T18:50:35.152643,0.435,0.565,1.0
2025-12-12T18:50:35.770024,0.425,0.575,1.0
2025-12-12T18:50:36.386584,0.425,0.58,1.005
2025-12-12T18:50:37.002842,0.415,0.585,1.0
2025-12-12T18:50:37.607995,0.405,0.595,1.0
2025-12-12T18:50:38.221668,0.415,0.585,1.0
2025-12-12T18:50:38.888568,0.415,0.585,1.0
2025-12-12T18:50:39.488543,0.415,0.585,1.0
2025-12-12T18:50:40.112953,0.415,0.585,1.0
2025-12-12T18:50:40.716064,0.41,0.59,1.0
2025-12-12T18:50:41.333915,0.405,0.595,1.0
2025-12-12T18:50:41.949322,0.41,0.59,1.0
2025-12-12T18:50:42.619069,0.415,0.585,1.0
2025-12-12T18:50:43.230768,0.415,0.585,1.0
2025-12-12T18:50:43.839958,0.415,0.585,1.0
2025-12-12T18:50:44.458944,0.405,0.595,1.0
2025-12-12T18:50:45.060987,0.405,0.595,1.0
2025-12-12T18:50:45.682504,0.41,0.59,1.0
2025-12-12T18:50:46.327597,0.41,0.59,1.0
2025-12-12T18:50:46.966357,0.415,0.585,1.0
2025-12-12T18:50:47.596593,0.415,0.585,1.0
2025-12-12T18:50:48.225846,0.425,0.575,1.0
2025-12-12T18:50:48.828882,0.425,0.575,1.0
2025-12-12T18:50:49.430225,0.425,0.57,0.9949999999999999
2025-12-12T18:50:50.063409,0.425,0.57,0.9949999999999999
2025-12-12T18:50:50.676316,0.415,0.585,1.0
2025-12-12T18:50:51.299359,0.42,0.58,1.0
2025-12-12T18:50:51.911267,0.435,0.565,1.0
2025-12-12T18:50:52.532199,0.435,0.565,1.0
2025-12-12T18:50:53.147357,0.445,0.555,1.0
2025-12-12T18:50:53.809884,0.445,0.555,1.0
2025-12-12T18:50:54.425123,0.435,0.565,1.0
2025-12-12T18:50:55.057599,0.435,0.565,1.0
2025-12-12T18:50:55.657983,0.435,0.565,1.0
2025-12-12T18:50:54.331738,0.425,0.575,1.0
2025-12-12T18:50:54.931800,0.405,0.59,0.995
2025-12-12T18:50:55.537929,0.41,0.59,1.0
2025-12-12T18:50:56.139010,0.405,0.595,1.0
2025-12-12T18:50:56.744372,0.4,0.6,1.0
2025-12-12T18:50:57.391358,0.385,0.615,1.0
2025-12-12T18:50:57.996311,0.395,0.605,1.0
2025-12-12T18:50:58.625038,0.395,0.605,1.0
2025-12-12T18:50:59.231220,0.395,0.605,1.0
2025-12-12T18:50:59.841440,0.365,0.635,1.0
2025-12-12T18:51:00.469078,0.365,0.635,1.0
2025-12-12T18:51:01.089238,0.365,0.635,1.0
2025-12-12T18:51:01.694414,0.365,0.635,1.0
2025-12-12T18:51:02.308258,0.365,0.635,1.0
2025-12-12T18:51:02.910309,0.355,0.645,1.0
2025-12-12T18:51:03.518856,0.345,0.655,1.0
2025-12-12T18:51:04.123400,0.36,0.645,1.005
2025-12-12T18:51:04.741855,0.345,0.655,1.0
2025-12-12T18:51:05.373070,0.335,0.665,1.0
2025-12-12T18:51:05.987262,0.33,0.67,1.0
2025-12-12T18:51:06.612844,0.34,0.66,1.0
2025-12-12T18:51:07.241292,0.33,0.67,1.0
2025-12-12T18:51:07.876445,0.335,0.665,1.0
2025-12-12T18:51:08.594542,0.345,0.655,1.0
2025-12-12T18:51:09.207244,0.345,0.655,1.0
2025-12-12T18:51:09.815812,0.345,0.655,1.0
2025-12-12T18:51:10.429393,0.345,0.655,1.0
2025-12-12T18:51:11.059714,0.345,0.655,1.0
2025-12-12T18:51:11.696117,0.345,0.655,1.0
2025-12-12T18:51:12.314985,0.345,0.655,1.0
2025-12-12T18:51:12.946353,0.345,0.655,1.0
2025-12-12T18:51:13.548453,0.335,0.665,1.0
2025-12-12T18:51:14.172503,0.335,0.665,1.0
2025-12-12T18:51:14.780806,0.34,0.66,1.0
2025-12-12T18:51:15.402526,0.345,0.655,1.0
2025-12-12T18:51:16.027141,0.355,0.645,1.0
2025-12-12T18:51:16.651205,0.35,0.65,1.0
2025-12-12T18:51:17.277997,0.345,0.655,1.0
2025-12-12T18:51:17.879553,0.335,0.665,1.0
2025-12-12T18:51:18.513013,0.345,0.655,1.0
2025-12-12T18:51:19.142960,0.34,0.66,1.0
2025-12-12T18:51:19.764928,0.34,0.66,1.0
2025-12-12T18:51:20.364263,0.34,0.66,1.0
2025-12-12T18:51:20.978991,0.345,0.655,1.0
2025-12-12T18:51:21.596793,0.34,0.66,1.0
2025-12-12T18:51:22.234830,0.325,0.675,1.0
2025-12-12T18:51:22.858225,0.33,0.67,1.0
2025-12-12T18:51:23.490228,0.33,0.67,1.0
2025-12-12T18:51:24.109114,0.33,0.675,1.0050000000000001
2025-12-12T18:51:24.747755,0.325,0.675,1.0
2025-12-12T18:51:25.354978,0.325,0.675,1.0
2025-12-12T18:51:25.968124,0.33,0.67,1.0
2025-12-12T18:51:24.718660,0.32,0.68,1.0
2025-12-12T18:51:25.343004,0.315,0.685,1.0
2025-12-12T18:51:25.966065,0.325,0.675,1.0
2025-12-12T18:51:26.580286,0.325,0.675,1.0
2025-12-12T18:51:27.182327,0.325,0.675,1.0
2025-12-12T18:51:27.791640,0.325,0.675,1.0
2025-12-12T18:51:28.402637,0.32,0.68,1.0
2025-12-12T18:51:29.018934,0.32,0.68,1.0
2025-12-12T18:51:29.624540,0.325,0.675,1.0
2025-12-12T18:51:30.230798,0.315,0.685,1.0
2025-12-12T18:51:30.949783,0.32,0.68,1.0
2025-12-12T18:51:31.550727,0.32,0.68,1.0
2025-12-12T18:51:32.162660,0.315,0.685,1.0
2025-12-12T18:51:32.770001,0.29,0.71,1.0
2025-12-12T18:51:33.381997,0.295,0.705,1.0
2025-12-12T18:51:33.985291,0.275,0.725,1.0
2025-12-12T18:51:34.609205,0.27,0.735,1.005
2025-12-12T18:51:35.227220,0.265,0.73,0.995
2025-12-12T18:51:35.856508,0.285,0.715,1.0
2025-12-12T18:51:36.465099,0.29,0.71,1.0
2025-12-12T18:51:37.083408,0.29,0.71,1.0
2025-12-12T18:51:37.714700,0.295,0.705,1.0
2025-12-12T18:51:38.341588,0.3,0.7,1.0
2025-12-12T18:51:38.963632,0.285,0.715,1.0
2025-12-12T18:51:39.578852,0.295,0.705,1.0
2025-12-12T18:51:40.194851,0.295,0.705,1.0
2025-12-12T18:51:40.809032,0.295,0.705,1.0
2025-12-12T18:51:41.412196,0.295,0.705,1.0
2025-12-12T18:51:42.024793,0.295,0.705,1.0
2025-12-12T18:51:42.647180,0.295,0.705,1.0
2025-12-12T18:51:43.268051,0.3,0.7,1.0
2025-12-12T18:51:43.873297,0.3,0.7,1.0
2025-12-12T18:51:44.485029,0.295,0.705,1.0
2025-12-12T18:51:45.103354,0.285,0.715,1.0
2025-12-12T18:51:45.718926,0.29,0.71,1.0
2025-12-12T18:51:46.322447,0.295,0.705,1.0
2025-12-12T18:51:46.928548,0.275,0.725,1.0
2025-12-12T18:51:47.530094,0.285,0.715,1.0
2025-12-12T18:51:48.139933,0.285,0.715,1.0
2025-12-12T18:51:48.753572,0.285,0.715,1.0
2025-12-12T18:51:49.352670,0.275,0.725,1.0
2025-12-12T18:51:49.969198,0.265,0.735,1.0
2025-12-12T18:51:50.595859,0.265,0.735,1.0
2025-12-12T18:51:51.197472,0.255,0.745,1.0
2025-12-12T18:51:51.817767,0.255,0.745,1.0
2025-12-12T18:51:52.424906,0.255,0.75,1.005
2025-12-12T18:51:53.072089,0.245,0.765,1.01
2025-12-12T18:51:53.692118,0.235,0.765,1.0
2025-12-12T18:51:54.313153,0.235,0.765,1.0
2025-12-12T18:51:54.920989,0.225,0.775,1.0
2025-12-12T18:51:55.537335,0.225,0.775,1.0
2025-12-12T18:51:56.149510,0.225,0.775,1.0
2025-12-12T18:51:54.963609,0.225,0.775,1.0
2025-12-12T18:51:55.584281,0.225,0.775,1.0
2025-12-12T18:51:56.209874,0.215,0.785,1.0
2025-12-12T18:51:56.813717,0.225,0.775,1.0
2025-12-12T18:51:57.455143,0.225,0.775,1.0
2025-12-12T18:51:58.080795,0.215,0.785,1.0
2025-12-12T18:51:58.701591,0.215,0.785,1.0
2025-12-12T18:51:59.306209,0.215,0.785,1.0
2025-12-12T18:51:59.919576,0.205,0.795,1.0
2025-12-12T18:52:00.531882,0.215,0.785,1.0
2025-12-12T18:52:01.143309,0.205,0.795,1.0
2025-12-12T18:52:01.772218,0.215,0.785,1.0
2025-12-12T18:52:02.385538,0.205,0.795,1.0
2025-12-12T18:52:03.000681,0.195,0.805,1.0
2025-12-12T18:52:03.614379,0.195,0.805,1.0
2025-12-12T18:52:04.234183,0.195,0.805,1.0
2025-12-12T18:52:04.846435,0.195,0.805,1.0
2025-12-12T18:52:05.458056,0.195,0.805,1.0
2025-12-12T18:52:06.079100,0.195,0.805,1.0
2025-12-12T18:52:06.675711,0.195,0.815,1.01
2025-12-12T18:52:07.279749,0.185,0.815,1.0
2025-12-12T18:52:07.914228,0.185,0.815,1.0
2025-12-12T18:52:08.527030,0.175,0.825,1.0
2025-12-12T18:52:09.164581,0.185,0.815,1.0
2025-12-12T18:52:09.770768,0.175,0.825,1.0
2025-12-12T18:52:10.379971,0.175,0.825,1.0
2025-12-12T18:52:11.002895,0.17,0.83,1.0
2025-12-12T18:52:11.636407,0.17,0.83,1.0
2025-12-12T18:52:12.264168,0.16,0.84,1.0
2025-12-12T18:52:12.914455,0.165,0.835,1.0
2025-12-12T18:52:13.521904,0.17,0.825,0.995
2025-12-12T18:52:14.139952,0.165,0.835,1.0
2025-12-12T18:52:14.766798,0.165,0.835,1.0
2025-12-12T18:52:15.404098,0.165,0.835,1.0
2025-12-12T18:52:16.015531,0.165,0.835,1.0
2025-12-12T18:52:16.638331,0.165,0.835,1.0
2025-12-12T18:52:17.267910,0.165,0.835,1.0
2025-12-12T18:52:17.886875,0.175,0.825,1.0
2025-12-12T18:52:18.527984,0.175,0.825,1.0
2025-12-12T18:52:19.130030,0.175,0.825,1.0
2025-12-12T18:52:19.732387,0.165,0.835,1.0
2025-12-12T18:52:20.337774,0.165,0.835,1.0
2025-12-12T18:52:20.977779,0.165,0.835,1.0
2025-12-12T18:52:21.603821,0.155,0.845,1.0
2025-12-12T18:52:22.216164,0.155,0.835,0.99
2025-12-12T18:52:22.836646,0.17,0.83,1.0
2025-12-12T18:52:23.454072,0.17,0.825,0.995
2025-12-12T18:52:24.114732,0.175,0.825,1.0
2025-12-12T18:52:24.739851,0.175,0.825,1.0
2025-12-12T18:52:25.350355,0.185,0.815,1.0
2025-12-12T18:52:25.960340,0.175,0.825,1.0
2025-12-12T18:52:26.574984,0.175,0.825,1.0
2025-12-12T18:52:27.181668,0.185,0.815,1.0
2025-12-12T18:52:25.916945,0.18,0.82,1.0
2025-12-12T18:52:26.545210,0.185,0.815,1.0
2025-12-12T18:52:27.160850,0.185,0.825,1.01
2025-12-12T18:52:27.768676,0.175,0.835,1.01
2025-12-12T18:52:28.377487,0.155,0.845,1.0
2025-12-12T18:52:28.988176,0.165,0.835,1.0
2025-12-12T18:52:29.598181,0.165,0.835,1.0
2025-12-12T18:52:30.215731,0.165,0.835,1.0
2025-12-12T18:52:30.829611,0.165,0.835,1.0
2025-12-12T18:52:31.456218,0.155,0.845,1.0
2025-12-12T18:52:32.108774,0.155,0.845,1.0
2025-12-12T18:52:32.735967,0.135,0.87,1.005
2025-12-12T18:52:33.346044,0.13,0.87,1.0
2025-12-12T18:52:33.964564,0.135,0.865,1.0
2025-12-12T18:52:34.589646,0.135,0.865,1.0
2025-12-12T18:52:35.206981,0.135,0.865,1.0
2025-12-12T18:52:35.833813,0.135,0.865,1.0
2025-12-12T18:52:36.463084,0.135,0.865,1.0
2025-12-12T18:52:37.097248,0.13,0.87,1.0
2025-12-12T18:52:37.714486,0.13,0.87,1.0
2025-12-12T18:52:38.336124,0.135,0.86,0.995
2025-12-12T18:52:38.973652,0.145,0.855,1.0
2025-12-12T18:52:39.586188,0.135,0.865,1.0
2025-12-12T18:52:40.209034,0.135,0.865,1.0
2025-12-12T18:52:40.827921,0.135,0.865,1.0
2025-12-12T18:52:41.455094,0.13,0.87,1.0
2025-12-12T18:52:42.094371,0.125,0.875,1.0
2025-12-12T18:52:42.753707,0.125,0.875,1.0
2025-12-12T18:52:43.356034,0.135,0.865,1.0
2025-12-12T18:52:43.959110,0.125,0.875,1.0
2025-12-12T18:52:44.568032,0.125,0.875,1.0
2025-12-12T18:52:45.198392,0.125,0.875,1.0
2025-12-12T18:52:45.817158,0.125,0.875,1.0
2025-12-12T18:52:46.440100,0.12,0.88,1.0
2025-12-12T18:52:47.037654,0.115,0.885,1.0
2025-12-12T18:52:47.645919,0.12,0.88,1.0
2025-12-12T18:52:48.262602,0.115,0.885,1.0
2025-12-12T18:52:48.904257,0.12,0.885,1.005
2025-12-12T18:52:49.524867,0.125,0.875,1.0
2025-12-12T18:52:50.124073,0.12,0.88,1.0
2025-12-12T18:52:50.726249,0.125,0.875,1.0
2025-12-12T18:52:51.336230,0.12,0.88,1.0
2025-12-12T18:52:51.955880,0.125,0.875,1.0
2025-12-12T18:52:52.561954,0.125,0.875,1.0
2025-12-12T18:52:53.169783,0.125,0.875,1.0
2025-12-12T18:52:53.786885,0.125,0.875,1.0
2025-12-12T18:52:54.392087,0.125,0.875,1.0
2025-12-12T18:52:55.004719,0.125,0.875,1.0
2025-12-12T18:52:55.614681,0.125,0.875,1.0
2025-12-12T18:52:56.216988,0.125,0.875,1.0
2025-12-12T18:52:56.828532,0.125,0.875,1.0
2025-12-12T18:52:57.425914,0.125,0.875,1.0
2025-12-12T18:52:56.131887,0.125,0.875,1.0
2025-12-12T18:52:56.739438,0.125,0.875,1.0
2025-12-12T18:52:57.342061,0.125,0.875,1.0
2025-12-12T18:52:57.952036,0.125,0.88,1.005
2025-12-12T18:52:58.569155,0.12,0.88,1.0
2025-12-12T18:52:59.212011,0.12,0.88,1.0
2025-12-12T18:52:59.812987,0.12,0.885,1.005
2025-12-12T18:53:00.420088,0.115,0.88,0.995
2025-12-12T18:53:01.038050,0.115,0.885,1.0
2025-12-12T18:53:01.648498,0.115,0.885,1.0
2025-12-12T18:53:02.258186,0.135,0.85,0.985
2025-12-12T18:53:02.884735,0.14,0.86,1.0
2025-12-12T18:53:03.502362,0.135,0.855,0.99
2025-12-12T18:53:04.107117,0.14,0.865,1.005
2025-12-12T18:53:04.725879,0.135,0.865,1.0
2025-12-12T18:53:05.335472,0.125,0.875,1.0
2025-12-12T18:53:05.939384,0.12,0.88,1.0
2025-12-12T18:53:06.552842,0.115,0.885,1.0
2025-12-12T18:53:07.151432,0.11,0.89,1.0
2025-12-12T18:53:07.767100,0.11,0.89,1.0
2025-12-12T18:53:08.392321,0.11,0.89,1.0
2025-12-12T18:53:09.015775,0.11,0.89,1.0
2025-12-12T18:53:09.642946,0.115,0.885,1.0
2025-12-12T18:53:10.266100,0.13,0.875,1.005
2025-12-12T18:53:10.887081,0.12,0.88,1.0
2025-12-12T18:53:11.516665,0.13,0.87,1.0
2025-12-12T18:53:12.137258,0.13,0.87,1.0
2025-12-12T18:53:12.764096,0.125,0.875,1.0
2025-12-12T18:53:13.377788,0.125,0.875,1.0
2025-12-12T18:53:13.999572,0.125,0.875,1.0
2025-12-12T18:53:14.620029,0.125,0.875,1.0
2025-12-12T18:53:15.249530,0.125,0.875,1.0
2025-12-12T18:53:15.864130,0.125,0.87,0.995
2025-12-12T18:53:16.493556,0.135,0.865,1.0
2025-12-12T18:53:17.111580,0.135,0.865,1.0
2025-12-12T18:53:17.732830,0.145,0.855,1.0
2025-12-12T18:53:18.332547,0.145,0.855,1.0
2025-12-12T18:53:18.932172,0.145,0.855,1.0
2025-12-12T18:53:19.582640,0.15,0.85,1.0
2025-12-12T18:53:20.202098,0.15,0.85,1.0
2025-12-12T18:53:20.805180,0.145,0.855,1.0
2025-12-12T18:53:21.414946,0.145,0.855,1.0
2025-12-12T18:53:22.019097,0.145,0.855,1.0
2025-12-12T18:53:22.639238,0.145,0.855,1.0
2025-12-12T18:53:23.258926,0.145,0.855,1.0
2025-12-12T18:53:23.870941,0.145,0.855,1.0
2025-12-12T18:53:24.487790,0.135,0.865,1.0
2025-12-12T18:53:25.112538,0.135,0.865,1.0
2025-12-12T18:53:25.737901,0.145,0.85,0.995
2025-12-12T18:53:26.347198,0.16,0.84,1.0
2025-12-12T18:53:26.954460,0.165,0.83,0.995
2025-12-12T18:53:27.559217,0.175,0.825,1.0
2025-12-12T18:53:28.162820,0.165,0.835,1.0
2025-12-12T18:53:26.893144,0.165,0.835,1.0
2025-12-12T18:53:27.534001,0.165,0.835,1.0
2025-12-12T18:53:28.155319,0.165,0.835,1.0
2025-12-12T18:53:28.765603,0.165,0.835,1.0
2025-12-12T18:53:29.374858,0.165,0.83,0.995
2025-12-12T18:53:29.986111,0.18,0.825,1.005
2025-12-12T18:53:30.588189,0.19,0.81,1.0
2025-12-12T18:53:31.191393,0.175,0.825,1.0
2025-12-12T18:53:31.790429,0.17,0.83,1.0
2025-12-12T18:53:32.408273,0.175,0.825,1.0
2025-12-12T18:53:33.012416,0.17,0.83,1.0
2025-12-12T18:53:33.670394,0.165,0.835,1.0
2025-12-12T18:53:34.315726,0.165,0.835,1.0
2025-12-12T18:53:34.918676,0.165,0.835,1.0
2025-12-12T18:53:35.522480,0.155,0.845,1.0
2025-12-12T18:53:36.139568,0.145,0.855,1.0
2025-12-12T18:53:36.753584,0.15,0.85,1.0
2025-12-12T18:53:37.355258,0.155,0.845,1.0
2025-12-12T18:53:37.964545,0.15,0.845,0.995
2025-12-12T18:53:38.563216,0.155,0.835,0.99
2025-12-12T18:53:39.166571,0.155,0.845,1.0
2025-12-12T18:53:39.797114,0.155,0.835,0.99
2025-12-12T18:53:40.418623,0.17,0.83,1.0
2025-12-12T18:53:41.038229,0.17,0.83,1.0
2025-12-12T18:53:41.636602,0.175,0.825,1.0
2025-12-12T18:53:42.241767,0.175,0.825,1.0
2025-12-12T18:53:42.862205,0.175,0.825,1.0
2025-12-12T18:53:43.492677,0.175,0.825,1.0
2025-12-12T18:53:44.101705,0.17,0.83,1.0
2025-12-12T18:53:44.710567,0.17,0.83,1.0
2025-12-12T18:53:45.313925,0.175,0.825,1.0
2025-12-12T18:53:45.928199,0.175,0.825,1.0
2025-12-12T18:53:46.535220,0.175,0.825,1.0
2025-12-12T18:53:47.150572,0.175,0.83,1.005
