timestamp,price_yes,price_no,sum_prices
2025-12-10T22:01:00.368867,0.485,0.515,1.0
2025-12-10T22:01:00.990936,0.475,0.525,1.0
2025-12-10T22:01:01.630217,0.465,0.535,1.0
2025-12-10T22:01:02.275826,0.47,0.53,1.0
2025-12-10T22:01:02.920592,0.495,0.505,1.0
2025-12-10T22:01:03.564498,0.515,0.485,1.0
2025-12-10T22:01:04.254350,0.51,0.49,1.0
2025-12-10T22:01:04.957693,0.5,0.5,1.0
2025-12-10T22:01:05.612693,0.505,0.495,1.0
2025-12-10T22:01:06.243347,0.52,0.475,0.995
2025-12-10T22:01:06.878159,0.52,0.48,1.0
2025-12-10T22:01:07.513382,0.52,0.48,1.0
2025-12-10T22:01:08.136953,0.515,0.485,1.0
2025-12-10T22:01:08.788424,0.515,0.485,1.0
2025-12-10T22:01:09.430390,0.515,0.485,1.0
2025-12-10T22:01:10.057942,0.525,0.48,1.005
2025-12-10T22:01:10.688812,0.525,0.485,1.01
2025-12-10T22:01:11.333984,0.515,0.485,1.0
2025-12-10T22:01:11.964886,0.51,0.485,0.995
2025-12-10T22:01:12.691240,0.505,0.485,0.99
2025-12-10T22:01:13.335342,0.515,0.485,1.0
2025-12-10T22:01:13.971911,0.515,0.485,1.0
2025-12-10T22:01:14.600218,0.525,0.475,1.0
2025-12-10T22:01:15.211337,0.535,0.465,1.0
2025-12-10T22:01:15.839611,0.54,0.455,0.9950000000000001
2025-12-10T22:01:16.473756,0.545,0.455,1.0
2025-12-10T22:01:17.106375,0.545,0.455,1.0
2025-12-10T22:01:17.734517,0.555,0.445,1.0
2025-12-10T22:01:18.393127,0.545,0.455,1.0
2025-12-10T22:01:19.008218,0.545,0.455,1.0
2025-12-10T22:01:19.670043,0.545,0.455,1.0
2025-12-10T22:01:20.296488,0.515,0.485,1.0
2025-12-10T22:01:20.914043,0.515,0.485,1.0
2025-12-10T22:01:21.541953,0.51,0.49,1.0
2025-12-10T22:01:22.174238,0.505,0.495,1.0
2025-12-10T22:01:22.785174,0.505,0.495,1.0
2025-12-10T22:01:23.420838,0.495,0.505,1.0
2025-12-10T22:01:24.035205,0.495,0.515,1.01
2025-12-10T22:01:24.667571,0.485,0.515,1.0
2025-12-10T22:01:25.316072,0.475,0.525,1.0
2025-12-10T22:01:25.931141,0.455,0.545,1.0
2025-12-10T22:01:26.568106,0.445,0.555,1.0
2025-12-10T22:01:27.199006,0.445,0.555,1.0
2025-12-10T22:01:27.814429,0.445,0.555,1.0
2025-12-10T22:01:26.758025,0.455,0.545,1.0
2025-12-10T22:01:27.376248,0.445,0.555,1.0
2025-12-10T22:01:27.990042,0.465,0.535,1.0
2025-12-10T22:01:28.605737,0.465,0.53,0.9950000000000001
2025-12-10T22:01:29.226426,0.465,0.535,1.0
2025-12-10T22:01:29.851573,0.455,0.545,1.0
2025-12-10T22:01:30.473877,0.445,0.555,1.0
2025-12-10T22:01:31.097289,0.445,0.555,1.0
2025-12-10T22:01:31.726458,0.465,0.53,0.9950000000000001
2025-12-10T22:01:32.344476,0.475,0.515,0.99
2025-12-10T22:01:32.990183,0.485,0.505,0.99
2025-12-10T22:01:33.609488,0.485,0.515,1.0
2025-12-10T22:01:34.248831,0.49,0.51,1.0
2025-12-10T22:01:34.884313,0.495,0.505,1.0
2025-12-10T22:01:35.515447,0.485,0.52,1.005
2025-12-10T22:01:36.167931,0.49,0.51,1.0
2025-12-10T22:01:36.798434,0.495,0.505,1.0
2025-12-10T22:01:37.412158,0.49,0.51,1.0
2025-12-10T22:01:38.043870,0.495,0.505,1.0
2025-12-10T22:01:38.657780,0.495,0.505,1.0
2025-12-10T22:01:39.312171,0.485,0.515,1.0
2025-12-10T22:01:39.928046,0.475,0.525,1.0
2025-12-10T22:01:40.569629,0.475,0.525,1.0
2025-12-10T22:01:41.192460,0.485,0.515,1.0
2025-12-10T22:01:41.822258,0.49,0.51,1.0
2025-12-10T22:01:42.437302,0.495,0.495,0.99
2025-12-10T22:01:43.053006,0.505,0.495,1.0
2025-12-10T22:01:43.695813,0.505,0.495,1.0
2025-12-10T22:01:44.309192,0.51,0.49,1.0
2025-12-10T22:01:44.928943,0.525,0.475,1.0
2025-12-10T22:01:45.542474,0.53,0.47,1.0
2025-12-10T22:01:46.172837,0.535,0.465,1.0
2025-12-10T22:01:46.816231,0.525,0.475,1.0
2025-12-10T22:01:47.519770,0.535,0.47,1.005
2025-12-10T22:01:48.160406,0.525,0.475,1.0
2025-12-10T22:01:48.783516,0.525,0.47,0.995
2025-12-10T22:01:49.416757,0.53,0.47,1.0
2025-12-10T22:01:50.062462,0.525,0.475,1.0
2025-12-10T22:01:50.677071,0.535,0.465,1.0
2025-12-10T22:01:51.294888,0.54,0.46,1.0
2025-12-10T22:01:51.905061,0.545,0.455,1.0
2025-12-10T22:01:52.518283,0.55,0.445,0.9950000000000001
2025-12-10T22:01:53.136413,0.565,0.435,1.0
2025-12-10T22:01:53.811696,0.565,0.435,1.0
2025-12-10T22:01:54.444167,0.555,0.445,1.0
2025-12-10T22:01:55.092102,0.54,0.46,1.0
2025-12-10T22:01:55.721597,0.535,0.465,1.0
2025-12-10T22:01:56.357320,0.535,0.465,1.0
2025-12-10T22:01:57.002120,0.555,0.455,1.01
2025-12-10T22:01:57.633566,0.535,0.465,1.0
2025-12-10T22:01:58.251208,0.54,0.46,1.0
2025-12-10T22:01:57.178214,0.545,0.455,1.0
2025-12-10T22:01:57.797468,0.555,0.445,1.0
2025-12-10T22:01:58.410505,0.555,0.44,0.9950000000000001
2025-12-10T22:01:59.074529,0.565,0.435,1.0
2025-12-10T22:01:59.731378,0.565,0.435,1.0
2025-12-10T22:02:00.353106,0.565,0.435,1.0
2025-12-10T22:02:00.975100,0.565,0.435,1.0
2025-12-10T22:02:01.617382,0.575,0.425,1.0
2025-12-10T22:02:02.239469,0.595,0.405,1.0
2025-12-10T22:02:02.872762,0.595,0.405,1.0
2025-12-10T22:02:03.485431,0.595,0.41,1.005
2025-12-10T22:02:04.118971,0.575,0.425,1.0
2025-12-10T22:02:04.764751,0.575,0.44,1.015
2025-12-10T22:02:05.391193,0.565,0.435,1.0
2025-12-10T22:02:06.036989,0.59,0.405,0.995
2025-12-10T22:02:06.735972,0.595,0.41,1.005
2025-12-10T22:02:07.371100,0.595,0.405,1.0
2025-12-10T22:02:08.000682,0.605,0.395,1.0
2025-12-10T22:02:08.636569,0.605,0.395,1.0
2025-12-10T22:02:09.250752,0.61,0.385,0.995
2025-12-10T22:02:09.875910,0.625,0.375,1.0
2025-12-10T22:02:10.496185,0.62,0.385,1.005
2025-12-10T22:02:11.151871,0.625,0.375,1.0
2025-12-10T22:02:11.780514,0.625,0.38,1.005
2025-12-10T22:02:12.410755,0.62,0.38,1.0
2025-12-10T22:02:13.112205,0.615,0.385,1.0
2025-12-10T22:02:13.744096,0.605,0.39,0.995
2025-12-10T22:02:14.366938,0.605,0.395,1.0
2025-12-10T22:02:15.007167,0.615,0.385,1.0
2025-12-10T22:02:15.634298,0.615,0.385,1.0
2025-12-10T22:02:16.254281,0.615,0.385,1.0
2025-12-10T22:02:16.883818,0.61,0.385,0.995
2025-12-10T22:02:17.510866,0.615,0.385,1.0
2025-12-10T22:02:18.145985,0.615,0.385,1.0
2025-12-10T22:02:18.780873,0.615,0.385,1.0
2025-12-10T22:02:19.402177,0.615,0.38,0.995
2025-12-10T22:02:20.028120,0.625,0.375,1.0
2025-12-10T22:02:20.658256,0.625,0.375,1.0
2025-12-10T22:02:21.300288,0.615,0.385,1.0
2025-12-10T22:02:21.909011,0.605,0.395,1.0
2025-12-10T22:02:22.526101,0.605,0.395,1.0
2025-12-10T22:02:23.155609,0.6,0.405,1.005
2025-12-10T22:02:23.779045,0.585,0.415,1.0
2025-12-10T22:02:24.446439,0.585,0.415,1.0
2025-12-10T22:02:25.063947,0.595,0.405,1.0
2025-12-10T22:02:25.724638,0.615,0.385,1.0
2025-12-10T22:02:26.342089,0.61,0.39,1.0
2025-12-10T22:02:26.959711,0.615,0.38,0.995
2025-12-10T22:02:27.584356,0.625,0.375,1.0
2025-12-10T22:02:28.195824,0.625,0.375,1.0
2025-12-10T22:02:28.821566,0.625,0.375,1.0
2025-12-10T22:02:27.758372,0.605,0.395,1.0
2025-12-10T22:02:28.381503,0.605,0.395,1.0
2025-12-10T22:02:29.001594,0.595,0.405,1.0
2025-12-10T22:02:29.618922,0.595,0.405,1.0
2025-12-10T22:02:30.246896,0.595,0.405,1.0
2025-12-10T22:02:30.905020,0.595,0.405,1.0
2025-12-10T22:02:31.536714,0.595,0.405,1.0
2025-12-10T22:02:32.156653,0.595,0.405,1.0
2025-12-10T22:02:32.774384,0.61,0.38,0.99
2025-12-10T22:02:33.419429,0.62,0.375,0.995
2025-12-10T22:02:34.080878,0.63,0.365,0.995
2025-12-10T22:02:34.691040,0.635,0.37,1.005
2025-12-10T22:02:35.310423,0.635,0.365,1.0
2025-12-10T22:02:35.952631,0.635,0.365,1.0
2025-12-10T22:02:36.579062,0.635,0.365,1.0
2025-12-10T22:02:37.211296,0.625,0.38,1.005
2025-12-10T22:02:37.969936,0.63,0.365,0.995
2025-12-10T22:02:38.605620,0.645,0.355,1.0
2025-12-10T22:02:39.260447,0.645,0.355,1.0
2025-12-10T22:02:39.889002,0.645,0.355,1.0
2025-12-10T22:02:40.528497,0.635,0.365,1.0
2025-12-10T22:02:41.147482,0.625,0.375,1.0
2025-12-10T22:02:41.789299,0.625,0.375,1.0
2025-12-10T22:02:42.406343,0.635,0.365,1.0
2025-12-10T22:02:43.028630,0.625,0.375,1.0
2025-12-10T22:02:43.673920,0.625,0.375,1.0
2025-12-10T22:02:44.337225,0.62,0.38,1.0
2025-12-10T22:02:44.962283,0.615,0.385,1.0
2025-12-10T22:02:45.596466,0.62,0.38,1.0
2025-12-10T22:02:46.211605,0.635,0.365,1.0
2025-12-10T22:02:46.815029,0.645,0.355,1.0
2025-12-10T22:02:47.462854,0.645,0.345,0.99
2025-12-10T22:02:48.080391,0.65,0.355,1.005
2025-12-10T22:02:48.696758,0.645,0.355,1.0
2025-12-10T22:02:49.329403,0.64,0.365,1.005
2025-12-10T22:02:49.968241,0.64,0.36,1.0
2025-12-10T22:02:50.584950,0.655,0.345,1.0
2025-12-10T22:02:51.217692,0.655,0.345,1.0
2025-12-10T22:02:51.850769,0.655,0.345,1.0
2025-12-10T22:02:52.502967,0.63,0.375,1.005
2025-12-10T22:02:53.163892,0.635,0.365,1.0
2025-12-10T22:02:53.812923,0.64,0.36,1.0
2025-12-10T22:02:54.485417,0.64,0.355,0.995
2025-12-10T22:02:55.183034,0.645,0.355,1.0
2025-12-10T22:02:55.785920,0.645,0.355,1.0
2025-12-10T22:02:56.410481,0.645,0.355,1.0
2025-12-10T22:02:57.038302,0.655,0.345,1.0
2025-12-10T22:02:57.644167,0.655,0.345,1.0
2025-12-10T22:02:58.280872,0.66,0.34,1.0
2025-12-10T22:02:58.887665,0.655,0.345,1.0
2025-12-10T22:02:59.530031,0.665,0.335,1.0
2025-12-10T22:02:58.486215,0.665,0.335,1.0
2025-12-10T22:02:59.151053,0.675,0.325,1.0
2025-12-10T22:02:59.766070,0.67,0.33,1.0
2025-12-10T22:03:00.384865,0.675,0.325,1.0
2025-12-10T22:03:01.026709,0.675,0.325,1.0
2025-12-10T22:03:01.668070,0.665,0.335,1.0
2025-12-10T22:03:02.287677,0.665,0.335,1.0
2025-12-10T22:03:02.919812,0.655,0.345,1.0
2025-12-10T22:03:03.551026,0.66,0.345,1.005
2025-12-10T22:03:04.190073,0.66,0.34,1.0
2025-12-10T22:03:04.822530,0.665,0.34,1.0050000000000001
2025-12-10T22:03:05.452192,0.645,0.355,1.0
2025-12-10T22:03:06.069768,0.635,0.365,1.0
2025-12-10T22:03:06.709046,0.635,0.365,1.0
2025-12-10T22:03:07.329285,0.62,0.38,1.0
2025-12-10T22:03:07.973750,0.62,0.38,1.0
2025-12-10T22:03:08.612803,0.615,0.385,1.0
2025-12-10T22:03:09.282369,0.605,0.405,1.01
2025-12-10T22:03:09.921368,0.59,0.405,0.995
2025-12-10T22:03:10.542362,0.59,0.415,1.005
2025-12-10T22:03:11.188320,0.595,0.41,1.005
2025-12-10T22:03:11.827282,0.585,0.415,1.0
2025-12-10T22:03:12.458773,0.58,0.42,1.0
2025-12-10T22:03:13.077977,0.575,0.425,1.0
2025-12-10T22:03:13.734217,0.575,0.425,1.0
2025-12-10T22:03:14.381261,0.585,0.415,1.0
2025-12-10T22:03:15.007663,0.595,0.405,1.0
2025-12-10T22:03:15.648873,0.585,0.415,1.0
2025-12-10T22:03:16.268594,0.56,0.44,1.0
2025-12-10T22:03:16.890962,0.555,0.445,1.0
2025-12-10T22:03:17.531203,0.555,0.445,1.0
2025-12-10T22:03:18.157586,0.565,0.44,1.005
2025-12-10T22:03:18.788009,0.55,0.45,1.0
2025-12-10T22:03:19.429691,0.545,0.455,1.0
2025-12-10T22:03:20.097487,0.545,0.455,1.0
2025-12-10T22:03:20.732433,0.55,0.45,1.0
2025-12-10T22:03:21.351900,0.545,0.455,1.0
2025-12-10T22:03:21.980230,0.545,0.455,1.0
2025-12-10T22:03:22.612478,0.545,0.455,1.0
2025-12-10T22:03:23.235752,0.545,0.455,1.0
2025-12-10T22:03:23.875681,0.555,0.445,1.0
2025-12-10T22:03:24.513676,0.555,0.445,1.0
2025-12-10T22:03:25.164411,0.555,0.445,1.0
2025-12-10T22:03:25.817784,0.555,0.445,1.0
2025-12-10T22:03:26.432325,0.555,0.445,1.0
2025-12-10T22:03:27.114069,0.545,0.455,1.0
2025-12-10T22:03:27.756427,0.53,0.465,0.9950000000000001
2025-12-10T22:03:28.386484,0.545,0.455,1.0
2025-12-10T22:03:29.070313,0.545,0.455,1.0
2025-12-10T22:03:29.704449,0.555,0.44,0.9950000000000001
2025-12-10T22:03:28.648045,0.56,0.435,0.9950000000000001
2025-12-10T22:03:29.287828,0.56,0.44,1.0
2025-12-10T22:03:29.915149,0.565,0.435,1.0
2025-12-10T22:03:30.558723,0.565,0.435,1.0
2025-12-10T22:03:31.270097,0.575,0.425,1.0
2025-12-10T22:03:31.957692,0.56,0.44,1.0
2025-12-10T22:03:32.595425,0.565,0.435,1.0
2025-12-10T22:03:33.219723,0.575,0.425,1.0
2025-12-10T22:03:33.844989,0.585,0.415,1.0
2025-12-10T22:03:34.486616,0.595,0.405,1.0
2025-12-10T22:03:35.119966,0.575,0.425,1.0
2025-12-10T22:03:35.747692,0.565,0.435,1.0
2025-12-10T22:03:36.376951,0.545,0.455,1.0
2025-12-10T22:03:37.016407,0.545,0.455,1.0
2025-12-10T22:03:37.709601,0.545,0.455,1.0
2025-12-10T22:03:38.327670,0.535,0.465,1.0
2025-12-10T22:03:38.986596,0.525,0.46,0.9850000000000001
2025-12-10T22:03:39.606842,0.545,0.455,1.0
2025-12-10T22:03:40.240339,0.54,0.465,1.0050000000000001
2025-12-10T22:03:40.874691,0.545,0.465,1.01
2025-12-10T22:03:41.508006,0.525,0.475,1.0
2025-12-10T22:03:42.157961,0.515,0.485,1.0
2025-12-10T22:03:42.851429,0.52,0.485,1.005
2025-12-10T22:03:43.497682,0.515,0.485,1.0
2025-12-10T22:03:44.135326,0.515,0.48,0.995
2025-12-10T22:03:44.764179,0.525,0.475,1.0
2025-12-10T22:03:45.384996,0.535,0.465,1.0
2025-12-10T22:03:45.998143,0.545,0.455,1.0
2025-12-10T22:03:46.650084,0.535,0.465,1.0
2025-12-10T22:03:47.275545,0.54,0.46,1.0
2025-12-10T22:03:48.121618,0.54,0.465,1.0050000000000001
2025-12-10T22:03:48.743775,0.535,0.465,1.0
2025-12-10T22:03:49.360252,0.535,0.465,1.0
2025-12-10T22:03:49.993006,0.535,0.465,1.0
2025-12-10T22:03:50.632773,0.535,0.465,1.0
2025-12-10T22:03:51.253387,0.545,0.455,1.0
2025-12-10T22:03:51.882005,0.54,0.455,0.9950000000000001
2025-12-10T22:03:52.541503,0.545,0.455,1.0
2025-12-10T22:03:53.200370,0.545,0.455,1.0
2025-12-10T22:03:53.842041,0.545,0.455,1.0
2025-12-10T22:03:54.446547,0.545,0.455,1.0
2025-12-10T22:03:55.063832,0.54,0.46,1.0
2025-12-10T22:03:55.684051,0.54,0.46,1.0
2025-12-10T22:03:56.394409,0.545,0.455,1.0
2025-12-10T22:03:57.020663,0.55,0.445,0.9950000000000001
2025-12-10T22:03:57.637585,0.565,0.435,1.0
2025-12-10T22:03:58.279243,0.565,0.435,1.0
2025-12-10T22:03:58.896239,0.565,0.435,1.0
2025-12-10T22:03:59.539511,0.555,0.445,1.0
2025-12-10T22:04:00.155487,0.525,0.475,1.0
2025-12-10T22:03:59.089383,0.525,0.465,0.99
2025-12-10T22:03:59.717993,0.535,0.465,1.0
2025-12-10T22:04:00.331534,0.535,0.46,0.9950000000000001
2025-12-10T22:04:01.005946,0.545,0.455,1.0
2025-12-10T22:04:01.670616,0.54,0.465,1.0050000000000001
2025-12-10T22:04:02.320619,0.505,0.515,1.02
2025-12-10T22:04:02.963221,0.485,0.515,1.0
2025-12-10T22:04:03.622942,0.47,0.535,1.005
2025-12-10T22:04:04.240975,0.47,0.535,1.005
2025-12-10T22:04:04.873610,0.465,0.535,1.0
2025-12-10T22:04:05.485987,0.475,0.525,1.0
2025-12-10T22:04:06.148676,0.465,0.535,1.0
2025-12-10T22:04:06.809960,0.455,0.545,1.0
2025-12-10T22:04:07.433462,0.44,0.56,1.0
2025-12-10T22:04:08.097826,0.435,0.56,0.9950000000000001
2025-12-10T22:04:08.730813,0.435,0.565,1.0
2025-12-10T22:04:09.358992,0.435,0.565,1.0
2025-12-10T22:04:10.001096,0.425,0.575,1.0
2025-12-10T22:04:10.649829,0.435,0.565,1.0
2025-12-10T22:04:11.270027,0.425,0.575,1.0
2025-12-10T22:04:11.901907,0.425,0.575,1.0
2025-12-10T22:04:12.587674,0.415,0.585,1.0
2025-12-10T22:04:13.218535,0.415,0.585,1.0
2025-12-10T22:04:13.916078,0.415,0.59,1.005
2025-12-10T22:04:14.547576,0.415,0.585,1.0
2025-12-10T22:04:15.202637,0.42,0.575,0.9949999999999999
2025-12-10T22:04:15.821898,0.41,0.585,0.9949999999999999
2025-12-10T22:04:16.448187,0.405,0.595,1.0
2025-12-10T22:04:17.109382,0.405,0.595,1.0
2025-12-10T22:04:17.761101,0.405,0.595,1.0
2025-12-10T22:04:18.385674,0.405,0.595,1.0
2025-12-10T22:04:19.026119,0.405,0.595,1.0
2025-12-10T22:04:19.687882,0.405,0.595,1.0
2025-12-10T22:04:20.298152,0.405,0.595,1.0
2025-12-10T22:04:20.926412,0.415,0.585,1.0
2025-12-10T22:04:21.631439,0.415,0.585,1.0
2025-12-10T22:04:22.292989,0.415,0.585,1.0
2025-12-10T22:04:22.935497,0.405,0.595,1.0
2025-12-10T22:04:23.577032,0.41,0.59,1.0
2025-12-10T22:04:24.203977,0.4,0.6,1.0
2025-12-10T22:04:24.824809,0.395,0.605,1.0
2025-12-10T22:04:25.464426,0.395,0.605,1.0
2025-12-10T22:04:26.099569,0.395,0.605,1.0
2025-12-10T22:04:26.740798,0.395,0.605,1.0
2025-12-10T22:04:27.378913,0.395,0.605,1.0
2025-12-10T22:04:28.007360,0.405,0.595,1.0
2025-12-10T22:04:28.678425,0.395,0.605,1.0
2025-12-10T22:04:29.294958,0.4,0.605,1.005
2025-12-10T22:04:29.917068,0.39,0.61,1.0
2025-12-10T22:04:30.548481,0.395,0.605,1.0
2025-12-10T22:04:31.211543,0.405,0.595,1.0
2025-12-10T22:04:30.157295,0.395,0.605,1.0
2025-12-10T22:04:30.785902,0.385,0.615,1.0
2025-12-10T22:04:31.437533,0.385,0.615,1.0
2025-12-10T22:04:32.077971,0.375,0.625,1.0
2025-12-10T22:04:32.711600,0.375,0.625,1.0
2025-12-10T22:04:33.343455,0.385,0.615,1.0
2025-12-10T22:04:33.983621,0.38,0.615,0.995
2025-12-10T22:04:34.625886,0.38,0.62,1.0
2025-12-10T22:04:35.250795,0.365,0.635,1.0
2025-12-10T22:04:35.864951,0.365,0.635,1.0
2025-12-10T22:04:36.506567,0.355,0.645,1.0
2025-12-10T22:04:37.137910,0.355,0.645,1.0
2025-12-10T22:04:37.776169,0.345,0.655,1.0
2025-12-10T22:04:38.445341,0.335,0.665,1.0
2025-12-10T22:04:39.077411,0.325,0.675,1.0
2025-12-10T22:04:39.720887,0.33,0.665,0.9950000000000001
2025-12-10T22:04:40.371430,0.345,0.655,1.0
2025-12-10T22:04:41.011806,0.345,0.655,1.0
2025-12-10T22:04:41.650132,0.345,0.655,1.0
2025-12-10T22:04:42.273024,0.355,0.645,1.0
2025-12-10T22:04:42.944897,0.355,0.64,0.995
2025-12-10T22:04:43.591054,0.365,0.635,1.0
2025-12-10T22:04:44.238104,0.375,0.625,1.0
2025-12-10T22:04:44.882350,0.385,0.615,1.0
2025-12-10T22:04:45.497192,0.375,0.625,1.0
2025-12-10T22:04:46.131247,0.375,0.625,1.0
2025-12-10T22:04:46.796507,0.385,0.615,1.0
2025-12-10T22:04:47.433409,0.385,0.615,1.0
2025-12-10T22:04:48.098098,0.385,0.615,1.0
2025-12-10T22:04:48.714964,0.375,0.625,1.0
2025-12-10T22:04:49.342608,0.385,0.615,1.0
2025-12-10T22:04:49.973145,0.375,0.625,1.0
2025-12-10T22:04:50.629332,0.375,0.625,1.0
2025-12-10T22:04:51.258752,0.375,0.625,1.0
2025-12-10T22:04:51.883160,0.365,0.635,1.0
2025-12-10T22:04:52.593247,0.365,0.635,1.0
2025-12-10T22:04:53.253059,0.405,0.595,1.0
2025-12-10T22:04:53.862501,0.405,0.595,1.0
2025-12-10T22:04:54.503110,0.405,0.59,0.995
2025-12-10T22:04:55.148253,0.405,0.595,1.0
2025-12-10T22:04:55.796412,0.405,0.595,1.0
2025-12-10T22:04:56.411403,0.4,0.6,1.0
2025-12-10T22:04:57.056006,0.395,0.605,1.0
2025-12-10T22:04:57.697635,0.375,0.625,1.0
2025-12-10T22:04:58.308579,0.365,0.635,1.0
2025-12-10T22:04:58.917797,0.355,0.645,1.0
2025-12-10T22:04:59.542132,0.345,0.655,1.0
2025-12-10T22:05:00.164097,0.33,0.67,1.0
2025-12-10T22:05:00.807000,0.315,0.685,1.0
2025-12-10T22:05:01.441832,0.32,0.68,1.0
2025-12-10T22:05:00.358291,0.31,0.69,1.0
2025-12-10T22:05:01.005597,0.305,0.68,0.9850000000000001
2025-12-10T22:05:01.627862,0.335,0.665,1.0
2025-12-10T22:05:02.293808,0.34,0.66,1.0
2025-12-10T22:05:02.982181,0.345,0.65,0.995
2025-12-10T22:05:03.593744,0.325,0.675,1.0
2025-12-10T22:05:04.222804,0.325,0.675,1.0
2025-12-10T22:05:04.856234,0.335,0.665,1.0
2025-12-10T22:05:05.485000,0.355,0.645,1.0
2025-12-10T22:05:06.153658,0.365,0.635,1.0
2025-12-10T22:05:06.782364,0.37,0.63,1.0
2025-12-10T22:05:07.423168,0.375,0.62,0.995
2025-12-10T22:05:08.054707,0.385,0.615,1.0
2025-12-10T22:05:08.689233,0.395,0.605,1.0
2025-12-10T22:05:09.319223,0.375,0.625,1.0
2025-12-10T22:05:09.948210,0.365,0.635,1.0
2025-12-10T22:05:10.573207,0.36,0.645,1.005
2025-12-10T22:05:11.186637,0.355,0.645,1.0
2025-12-10T22:05:11.808715,0.345,0.66,1.005
2025-12-10T22:05:12.421946,0.345,0.655,1.0
2025-12-10T22:05:13.059979,0.345,0.655,1.0
2025-12-10T22:05:13.741174,0.345,0.655,1.0
2025-12-10T22:05:14.384394,0.34,0.665,1.0050000000000001
2025-12-10T22:05:15.007337,0.335,0.675,1.01
2025-12-10T22:05:15.637482,0.315,0.685,1.0
2025-12-10T22:05:16.262883,0.305,0.695,1.0
2025-12-10T22:05:16.890468,0.295,0.705,1.0
2025-12-10T22:05:17.538985,0.295,0.705,1.0
2025-12-10T22:05:18.176331,0.285,0.715,1.0
2025-12-10T22:05:18.812656,0.265,0.735,1.0
2025-12-10T22:05:19.452272,0.255,0.755,1.01
2025-12-10T22:05:20.084317,0.245,0.755,1.0
2025-12-10T22:05:20.710896,0.235,0.765,1.0
2025-12-10T22:05:21.333757,0.24,0.755,0.995
2025-12-10T22:05:21.959619,0.24,0.76,1.0
2025-12-10T22:05:22.630419,0.235,0.765,1.0
2025-12-10T22:05:23.248067,0.245,0.755,1.0
2025-12-10T22:05:23.882610,0.25,0.755,1.005
2025-12-10T22:05:24.506651,0.255,0.745,1.0
2025-12-10T22:05:25.140683,0.265,0.74,1.005
2025-12-10T22:05:25.784772,0.265,0.74,1.005
2025-12-10T22:05:26.421271,0.265,0.735,1.0
2025-12-10T22:05:27.042539,0.275,0.725,1.0
2025-12-10T22:05:27.658580,0.285,0.715,1.0
2025-12-10T22:05:28.278197,0.295,0.705,1.0
2025-12-10T22:05:28.901374,0.305,0.695,1.0
2025-12-10T22:05:29.531429,0.315,0.685,1.0
2025-12-10T22:05:30.141576,0.325,0.675,1.0
2025-12-10T22:05:30.760916,0.305,0.695,1.0
2025-12-10T22:05:31.407236,0.305,0.695,1.0
2025-12-10T22:05:32.026717,0.315,0.685,1.0
2025-12-10T22:05:30.937453,0.315,0.685,1.0
2025-12-10T22:05:31.571815,0.315,0.685,1.0
2025-12-10T22:05:32.185123,0.315,0.685,1.0
2025-12-10T22:05:32.804777,0.325,0.675,1.0
2025-12-10T22:05:33.422946,0.305,0.695,1.0
2025-12-10T22:05:34.074839,0.3,0.705,1.005
2025-12-10T22:05:34.701886,0.285,0.715,1.0
2025-12-10T22:05:35.323016,0.285,0.72,1.005
2025-12-10T22:05:35.940726,0.275,0.725,1.0
2025-12-10T22:05:36.618376,0.275,0.725,1.0
2025-12-10T22:05:37.285379,0.255,0.745,1.0
2025-12-10T22:05:37.910925,0.26,0.735,0.995
2025-12-10T22:05:38.527278,0.265,0.735,1.0
2025-12-10T22:05:39.151122,0.265,0.735,1.0
2025-12-10T22:05:39.799619,0.265,0.735,1.0
2025-12-10T22:05:40.431923,0.265,0.735,1.0
2025-12-10T22:05:41.060577,0.275,0.725,1.0
2025-12-10T22:05:41.686425,0.255,0.745,1.0
2025-12-10T22:05:42.311281,0.255,0.745,1.0
2025-12-10T22:05:42.945516,0.255,0.745,1.0
2025-12-10T22:05:43.583884,0.255,0.745,1.0
2025-12-10T22:05:44.203916,0.255,0.745,1.0
2025-12-10T22:05:44.834643,0.245,0.755,1.0
2025-12-10T22:05:45.472559,0.25,0.75,1.0
2025-12-10T22:05:46.111752,0.255,0.745,1.0
2025-12-10T22:05:46.738557,0.245,0.755,1.0
2025-12-10T22:05:47.374204,0.23,0.77,1.0
2025-12-10T22:05:48.008437,0.23,0.77,1.0
2025-12-10T22:05:48.631841,0.22,0.78,1.0
2025-12-10T22:05:49.288013,0.215,0.785,1.0
2025-12-10T22:05:49.921315,0.215,0.785,1.0
2025-12-10T22:05:50.537711,0.205,0.79,0.995
2025-12-10T22:05:51.166770,0.21,0.785,0.995
2025-12-10T22:05:51.792241,0.215,0.785,1.0
2025-12-10T22:05:52.412444,0.205,0.795,1.0
2025-12-10T22:05:53.058090,0.215,0.785,1.0
2025-12-10T22:05:53.682935,0.195,0.805,1.0
2025-12-10T22:05:54.323527,0.185,0.815,1.0
2025-12-10T22:05:54.948727,0.185,0.815,1.0
2025-12-10T22:05:55.559826,0.185,0.815,1.0
2025-12-10T22:05:56.172376,0.205,0.795,1.0
2025-12-10T22:05:56.822103,0.195,0.805,1.0
2025-12-10T22:05:57.465692,0.195,0.805,1.0
2025-12-10T22:05:58.088336,0.195,0.805,1.0
2025-12-10T22:05:58.710292,0.195,0.805,1.0
2025-12-10T22:05:59.329752,0.185,0.815,1.0
2025-12-10T22:05:59.945449,0.19,0.815,1.005
2025-12-10T22:06:00.565103,0.185,0.82,1.005
2025-12-10T22:06:01.183074,0.18,0.82,1.0
2025-12-10T22:06:01.814659,0.19,0.815,1.005
2025-12-10T22:06:02.450642,0.185,0.815,1.0
2025-12-10T22:06:01.400955,0.195,0.81,1.0050000000000001
2025-12-10T22:06:02.059833,0.185,0.815,1.0
2025-12-10T22:06:02.689292,0.175,0.82,0.9949999999999999
2025-12-10T22:06:03.341636,0.2,0.8,1.0
2025-12-10T22:06:03.984782,0.21,0.79,1.0
2025-12-10T22:06:04.619440,0.205,0.8,1.0050000000000001
2025-12-10T22:06:05.248852,0.195,0.81,1.0050000000000001
2025-12-10T22:06:05.888123,0.19,0.81,1.0
2025-12-10T22:06:06.565819,0.185,0.815,1.0
2025-12-10T22:06:07.205838,0.185,0.815,1.0
2025-12-10T22:06:07.845831,0.185,0.815,1.0
2025-12-10T22:06:08.523584,0.195,0.805,1.0
2025-12-10T22:06:09.158363,0.205,0.795,1.0
2025-12-10T22:06:09.796967,0.195,0.805,1.0
2025-12-10T22:06:10.446239,0.2,0.8,1.0
2025-12-10T22:06:11.087142,0.195,0.805,1.0
2025-12-10T22:06:11.727338,0.195,0.81,1.0050000000000001
2025-12-10T22:06:12.368351,0.185,0.815,1.0
2025-12-10T22:06:12.983716,0.185,0.815,1.0
2025-12-10T22:06:13.618248,0.185,0.815,1.0
2025-12-10T22:06:14.244197,0.185,0.815,1.0
2025-12-10T22:06:14.869946,0.185,0.815,1.0
2025-12-10T22:06:15.571592,0.185,0.815,1.0
2025-12-10T22:06:16.187465,0.175,0.825,1.0
2025-12-10T22:06:16.815538,0.175,0.825,1.0
2025-12-10T22:06:17.441179,0.175,0.825,1.0
2025-12-10T22:06:18.059304,0.165,0.835,1.0
2025-12-10T22:06:18.717935,0.17,0.83,1.0
2025-12-10T22:06:19.347715,0.165,0.835,1.0
2025-12-10T22:06:19.972717,0.165,0.835,1.0
2025-12-10T22:06:20.636105,0.165,0.835,1.0
2025-12-10T22:06:21.291306,0.185,0.815,1.0
2025-12-10T22:06:21.917287,0.185,0.815,1.0
2025-12-10T22:06:22.543491,0.18,0.82,1.0
2025-12-10T22:06:23.164959,0.185,0.815,1.0
2025-12-10T22:06:23.809900,0.185,0.815,1.0
2025-12-10T22:06:24.441831,0.185,0.815,1.0
2025-12-10T22:06:25.067312,0.175,0.825,1.0
2025-12-10T22:06:25.712048,0.175,0.825,1.0
2025-12-10T22:06:26.354239,0.165,0.84,1.005
2025-12-10T22:06:26.976920,0.155,0.845,1.0
2025-12-10T22:06:27.637575,0.155,0.845,1.0
2025-12-10T22:06:28.251508,0.155,0.845,1.0
2025-12-10T22:06:28.879641,0.145,0.855,1.0
2025-12-10T22:06:29.600329,0.165,0.855,1.02
2025-12-10T22:06:30.219630,0.145,0.855,1.0
2025-12-10T22:06:30.842622,0.135,0.865,1.0
2025-12-10T22:06:31.491897,0.125,0.875,1.0
2025-12-10T22:06:32.119595,0.125,0.875,1.0
2025-12-10T22:06:32.747238,0.14,0.855,0.995
2025-12-10T22:06:33.390534,0.145,0.855,1.0
2025-12-10T22:06:32.364002,0.145,0.855,1.0
2025-12-10T22:06:32.994588,0.13,0.87,1.0
2025-12-10T22:06:33.616355,0.125,0.87,0.995
2025-12-10T22:06:34.251166,0.14,0.86,1.0
2025-12-10T22:06:34.888560,0.145,0.855,1.0
2025-12-10T22:06:35.503646,0.14,0.865,1.005
2025-12-10T22:06:36.145433,0.13,0.87,1.0
2025-12-10T22:06:36.801824,0.135,0.865,1.0
2025-12-10T22:06:37.475594,0.14,0.86,1.0
2025-12-10T22:06:38.117926,0.135,0.865,1.0
2025-12-10T22:06:38.761522,0.13,0.87,1.0
2025-12-10T22:06:39.416448,0.135,0.865,1.0
2025-12-10T22:06:40.038459,0.14,0.87,1.01
2025-12-10T22:06:40.694680,0.14,0.86,1.0
2025-12-10T22:06:41.330437,0.14,0.86,1.0
2025-12-10T22:06:41.990205,0.145,0.855,1.0
2025-12-10T22:06:42.631050,0.145,0.855,1.0
2025-12-10T22:06:43.279842,0.145,0.855,1.0
2025-12-10T22:06:43.932672,0.145,0.855,1.0
2025-12-10T22:06:44.589644,0.135,0.865,1.0
2025-12-10T22:06:45.250578,0.135,0.865,1.0
2025-12-10T22:06:45.912399,0.13,0.87,1.0
2025-12-10T22:06:46.575379,0.125,0.875,1.0
2025-12-10T22:06:47.225533,0.115,0.885,1.0
2025-12-10T22:06:47.871456,0.115,0.875,0.99
2025-12-10T22:06:48.560238,0.125,0.875,1.0
2025-12-10T22:06:49.188635,0.115,0.885,1.0
2025-12-10T22:06:49.859013,0.12,0.88,1.0
2025-12-10T22:06:50.483669,0.115,0.885,1.0
2025-12-10T22:06:51.092257,0.115,0.885,1.0
2025-12-10T22:06:51.708483,0.125,0.875,1.0
2025-12-10T22:06:52.352007,0.115,0.885,1.0
2025-12-10T22:06:53.008318,0.115,0.89,1.0050000000000001
2025-12-10T22:06:53.693370,0.11,0.89,1.0
2025-12-10T22:06:54.325842,0.11,0.89,1.0
2025-12-10T22:06:54.950957,0.105,0.895,1.0
2025-12-10T22:06:55.582139,0.105,0.895,1.0
2025-12-10T22:06:56.245447,0.105,0.895,1.0
2025-12-10T22:06:56.886177,0.105,0.895,1.0
2025-12-10T22:06:57.524832,0.095,0.905,1.0
2025-12-10T22:06:58.150570,0.095,0.905,1.0
2025-12-10T22:06:58.778280,0.095,0.905,1.0
2025-12-10T22:06:59.393345,0.095,0.905,1.0
2025-12-10T22:07:00.029284,0.095,0.905,1.0
2025-12-10T22:07:00.698605,0.095,0.905,1.0
2025-12-10T22:07:01.334111,0.095,0.905,1.0
2025-12-10T22:07:01.973316,0.095,0.905,1.0
2025-12-10T22:07:02.602211,0.095,0.905,1.0
2025-12-10T22:07:03.232269,0.095,0.905,1.0
2025-12-10T22:07:03.866445,0.085,0.915,1.0
2025-12-10T22:07:02.787561,0.085,0.915,1.0
2025-12-10T22:07:03.424188,0.085,0.915,1.0
2025-12-10T22:07:04.044706,0.1,0.9,1.0
2025-12-10T22:07:04.710688,0.115,0.885,1.0
2025-12-10T22:07:05.336037,0.115,0.875,0.99
2025-12-10T22:07:05.979949,0.125,0.875,1.0
2025-12-10T22:07:06.602983,0.125,0.875,1.0
2025-12-10T22:07:07.223539,0.14,0.86,1.0
2025-12-10T22:07:07.875493,0.15,0.855,1.005
2025-12-10T22:07:08.504635,0.14,0.86,1.0
2025-12-10T22:07:09.130979,0.145,0.855,1.0
2025-12-10T22:07:09.760938,0.145,0.855,1.0
2025-12-10T22:07:10.442541,0.135,0.865,1.0
2025-12-10T22:07:11.120930,0.145,0.855,1.0
2025-12-10T22:07:11.796055,0.155,0.845,1.0
2025-12-10T22:07:12.466827,0.17,0.825,0.995
2025-12-10T22:07:13.114010,0.175,0.83,1.005
2025-12-10T22:07:13.802610,0.16,0.845,1.005
2025-12-10T22:07:14.478834,0.16,0.84,1.0
2025-12-10T22:07:15.134618,0.165,0.835,1.0
2025-12-10T22:07:15.785262,0.17,0.83,1.0
2025-12-10T22:07:16.487525,0.16,0.84,1.0
2025-12-10T22:07:17.137275,0.165,0.835,1.0
2025-12-10T22:07:17.790466,0.15,0.85,1.0
2025-12-10T22:07:18.437965,0.145,0.855,1.0
2025-12-10T22:07:19.129996,0.135,0.865,1.0
2025-12-10T22:07:19.784508,0.135,0.865,1.0
2025-12-10T22:07:20.418117,0.125,0.875,1.0
2025-12-10T22:07:21.075152,0.12,0.88,1.0
2025-12-10T22:07:21.709647,0.125,0.875,1.0
2025-12-10T22:07:22.335144,0.125,0.875,1.0
2025-12-10T22:07:22.957749,0.12,0.885,1.005
2025-12-10T22:07:23.639102,0.11,0.895,1.0050000000000001
2025-12-10T22:07:24.283644,0.105,0.895,1.0
2025-12-10T22:07:24.907003,0.105,0.895,1.0
2025-12-10T22:07:25.536641,0.095,0.905,1.0
2025-12-10T22:07:26.245830,0.095,0.905,1.0
2025-12-10T22:07:26.872282,0.105,0.895,1.0
2025-12-10T22:07:27.512385,0.105,0.895,1.0
2025-12-10T22:07:28.157089,0.115,0.885,1.0
2025-12-10T22:07:28.792599,0.115,0.885,1.0
2025-12-10T22:07:29.435739,0.11,0.895,1.0050000000000001
2025-12-10T22:07:30.113296,0.105,0.895,1.0
2025-12-10T22:07:30.729246,0.115,0.885,1.0
2025-12-10T22:07:31.345541,0.125,0.875,1.0
2025-12-10T22:07:31.981676,0.12,0.88,1.0
2025-12-10T22:07:32.606679,0.115,0.885,1.0
2025-12-10T22:07:33.242726,0.125,0.875,1.0
2025-12-10T22:07:33.900840,0.12,0.88,1.0
2025-12-10T22:07:34.539284,0.115,0.885,1.0
2025-12-10T22:07:33.548840,0.115,0.885,1.0
2025-12-10T22:07:34.179632,0.115,0.885,1.0
2025-12-10T22:07:34.807178,0.115,0.885,1.0
2025-12-10T22:07:35.448687,0.115,0.875,0.99
2025-12-10T22:07:36.072817,0.13,0.87,1.0
2025-12-10T22:07:36.738031,0.135,0.865,1.0
2025-12-10T22:07:37.360149,0.13,0.87,1.0
2025-12-10T22:07:37.981525,0.135,0.865,1.0
2025-12-10T22:07:38.584932,0.135,0.865,1.0
2025-12-10T22:07:39.212207,0.135,0.865,1.0
2025-12-10T22:07:39.848153,0.135,0.865,1.0
2025-12-10T22:07:40.478378,0.16,0.84,1.0
2025-12-10T22:07:41.099942,0.165,0.835,1.0
2025-12-10T22:07:41.732321,0.155,0.845,1.0
2025-12-10T22:07:42.368861,0.145,0.85,0.995
2025-12-10T22:07:42.979587,0.14,0.86,1.0
2025-12-10T22:07:43.603926,0.135,0.865,1.0
2025-12-10T22:07:44.232578,0.125,0.875,1.0
2025-12-10T22:07:44.890304,0.135,0.865,1.0
2025-12-10T22:07:45.532676,0.135,0.865,1.0
2025-12-10T22:07:46.190056,0.13,0.865,0.995
2025-12-10T22:07:46.835408,0.13,0.875,1.005
2025-12-10T22:07:47.493798,0.125,0.875,1.0
2025-12-10T22:07:48.158015,0.125,0.875,1.0
2025-12-10T22:07:48.821227,0.125,0.875,1.0
2025-12-10T22:07:49.487982,0.125,0.87,0.995
2025-12-10T22:07:50.119333,0.125,0.875,1.0
2025-12-10T22:07:50.773378,0.125,0.875,1.0
2025-12-10T22:07:51.418486,0.115,0.885,1.0
2025-12-10T22:07:52.058435,0.115,0.885,1.0
2025-12-10T22:07:52.730899,0.115,0.885,1.0
2025-12-10T22:07:53.398495,0.115,0.885,1.0
2025-12-10T22:07:54.031830,0.105,0.895,1.0
2025-12-10T22:07:54.677603,0.105,0.895,1.0
2025-12-10T22:07:55.327666,0.105,0.895,1.0
2025-12-10T22:07:55.965262,0.115,0.885,1.0
2025-12-10T22:07:56.623854,0.115,0.885,1.0
2025-12-10T22:07:57.313344,0.11,0.89,1.0
2025-12-10T22:07:58.015573,0.095,0.905,1.0
2025-12-10T22:07:58.644853,0.105,0.905,1.01
2025-12-10T22:07:59.284575,0.095,0.9,0.995
2025-12-10T22:07:59.899897,0.1,0.9,1.0
2025-12-10T22:08:00.526515,0.1,0.9,1.0
2025-12-10T22:08:01.911196,0.11,0.88,0.99
2025-12-10T22:08:02.524250,0.125,0.875,1.0
2025-12-10T22:08:03.169817,0.11,0.89,1.0
2025-12-10T22:08:03.835286,0.105,0.895,1.0
2025-12-10T22:08:04.488517,0.095,0.905,1.0
2025-12-10T22:08:05.159615,0.1,0.9,1.0
2025-12-10T22:08:04.111815,0.095,0.905,1.0
2025-12-10T22:08:04.768471,0.095,0.905,1.0
2025-12-10T22:08:05.428796,0.095,0.905,1.0
2025-12-10T22:08:06.076270,0.1,0.9,1.0
2025-12-10T22:08:06.716198,0.095,0.905,1.0
2025-12-10T22:08:07.347150,0.095,0.905,1.0
2025-12-10T22:08:07.955980,0.095,0.905,1.0
2025-12-10T22:08:08.588309,0.095,0.905,1.0
2025-12-10T22:08:09.223809,0.095,0.905,1.0
2025-12-10T22:08:09.868435,0.095,0.905,1.0
2025-12-10T22:08:10.496400,0.085,0.915,1.0
2025-12-10T22:08:11.125934,0.085,0.915,1.0
2025-12-10T22:08:11.780778,0.085,0.915,1.0
2025-12-10T22:08:12.406581,0.085,0.915,1.0
2025-12-10T22:08:13.049469,0.075,0.925,1.0
2025-12-10T22:08:13.677886,0.075,0.925,1.0
2025-12-10T22:08:14.309828,0.075,0.925,1.0
2025-12-10T22:08:14.928679,0.065,0.935,1.0
2025-12-10T22:08:15.590031,0.065,0.935,1.0
2025-12-10T22:08:16.232928,0.065,0.935,1.0
2025-12-10T22:08:16.853984,0.07,0.93,1.0
2025-12-10T22:08:17.484304,0.065,0.935,1.0
2025-12-10T22:08:18.118423,0.065,0.935,1.0
2025-12-10T22:08:18.749240,0.065,0.935,1.0
2025-12-10T22:08:19.376545,0.065,0.935,1.0
2025-12-10T22:08:20.004032,0.075,0.925,1.0
2025-12-10T22:08:20.643915,0.075,0.925,1.0
2025-12-10T22:08:21.252379,0.075,0.925,1.0
2025-12-10T22:08:21.894605,0.075,0.925,1.0
2025-12-10T22:08:22.511845,0.075,0.925,1.0
2025-12-10T22:08:23.135245,0.075,0.925,1.0
2025-12-10T22:08:23.785100,0.075,0.925,1.0
2025-12-10T22:08:24.395548,0.075,0.925,1.0
2025-12-10T22:08:25.042351,0.075,0.925,1.0
2025-12-10T22:08:25.769723,0.085,0.915,1.0
2025-12-10T22:08:26.391062,0.065,0.935,1.0
2025-12-10T22:08:27.017388,0.065,0.935,1.0
2025-12-10T22:08:27.657143,0.065,0.935,1.0
2025-12-10T22:08:28.280919,0.065,0.935,1.0
2025-12-10T22:08:28.914995,0.06,0.94,1.0
2025-12-10T22:08:29.540717,0.055,0.945,1.0
2025-12-10T22:08:30.198370,0.055,0.945,1.0
2025-12-10T22:08:30.848538,0.055,0.94,0.995
2025-12-10T22:08:31.484685,0.06,0.94,1.0
2025-12-10T22:08:32.107499,0.055,0.945,1.0
2025-12-10T22:08:32.726604,0.055,0.94,0.995
2025-12-10T22:08:33.362159,0.065,0.935,1.0
2025-12-10T22:08:34.144438,0.065,0.935,1.0
2025-12-10T22:08:34.889623,0.075,0.925,1.0
2025-12-10T22:08:35.522404,0.065,0.935,1.0
2025-12-10T22:08:34.463771,0.06,0.94,1.0
2025-12-10T22:08:35.103701,0.055,0.945,1.0
2025-12-10T22:08:35.727421,0.065,0.935,1.0
2025-12-10T22:08:36.349301,0.055,0.945,1.0
2025-12-10T22:08:36.971894,0.055,0.945,1.0
2025-12-10T22:08:37.590075,0.055,0.945,1.0
2025-12-10T22:08:38.209315,0.06,0.94,1.0
2025-12-10T22:08:38.840347,0.055,0.945,1.0
2025-12-10T22:08:39.497814,0.065,0.935,1.0
2025-12-10T22:08:40.115585,0.07,0.93,1.0
2025-12-10T22:08:40.738918,0.07,0.93,1.0
2025-12-10T22:08:41.386307,0.055,0.945,1.0
2025-12-10T22:08:42.010982,0.055,0.945,1.0
2025-12-10T22:08:42.629501,0.055,0.945,1.0
2025-12-10T22:08:43.277666,0.055,0.945,1.0
2025-12-10T22:08:43.911941,0.055,0.945,1.0
2025-12-10T22:08:44.590488,0.055,0.945,1.0
2025-12-10T22:08:45.273735,0.055,0.945,1.0
2025-12-10T22:08:45.908266,0.055,0.945,1.0
2025-12-10T22:08:46.550934,0.055,0.945,1.0
2025-12-10T22:08:47.169799,0.055,0.945,1.0
2025-12-10T22:08:47.794832,0.055,0.945,1.0
2025-12-10T22:08:48.434426,0.055,0.945,1.0
2025-12-10T22:08:49.054150,0.06,0.94,1.0
2025-12-10T22:08:49.682976,0.055,0.945,1.0
2025-12-10T22:08:50.310869,0.055,0.945,1.0
2025-12-10T22:08:50.942258,0.055,0.945,1.0
2025-12-10T22:08:51.560072,0.055,0.945,1.0
2025-12-10T22:08:52.183488,0.065,0.935,1.0
2025-12-10T22:08:52.806198,0.065,0.935,1.0
2025-12-10T22:08:53.434107,0.07,0.925,0.9950000000000001
2025-12-10T22:08:54.060948,0.075,0.925,1.0
2025-12-10T22:08:54.678659,0.085,0.915,1.0
2025-12-10T22:08:55.308726,0.085,0.915,1.0
2025-12-10T22:08:55.974296,0.075,0.925,1.0
2025-12-10T22:08:56.594003,0.075,0.925,1.0
2025-12-10T22:08:57.256236,0.075,0.925,1.0
2025-12-10T22:08:57.870607,0.065,0.935,1.0
2025-12-10T22:08:58.548099,0.06,0.94,1.0
2025-12-10T22:08:59.192389,0.055,0.945,1.0
2025-12-10T22:08:59.818698,0.055,0.945,1.0
2025-12-10T22:09:00.497769,0.055,0.945,1.0
2025-12-10T22:09:01.149169,0.06,0.945,1.005
2025-12-10T22:09:01.787202,0.06,0.94,1.0
2025-12-10T22:09:02.442736,0.06,0.94,1.0
2025-12-10T22:09:03.078859,0.06,0.94,1.0
2025-12-10T22:09:03.708817,0.06,0.94,1.0
2025-12-10T22:09:04.369375,0.065,0.935,1.0
2025-12-10T22:09:05.039280,0.07,0.94,1.01
2025-12-10T22:09:05.708199,0.07,0.925,0.9950000000000001
2025-12-10T22:09:06.349632,0.075,0.925,1.0
2025-12-10T22:09:05.286698,0.085,0.915,1.0
2025-12-10T22:09:05.952905,0.095,0.905,1.0
2025-12-10T22:09:06.608702,0.095,0.905,1.0
2025-12-10T22:09:07.279721,0.09,0.91,1.0
2025-12-10T22:09:07.914963,0.085,0.915,1.0
2025-12-10T22:09:08.544984,0.085,0.915,1.0
2025-12-10T22:09:09.217255,0.085,0.915,1.0
2025-12-10T22:09:09.847760,0.085,0.915,1.0
2025-12-10T22:09:10.519466,0.09,0.91,1.0
2025-12-10T22:09:11.152989,0.085,0.915,1.0
2025-12-10T22:09:11.799194,0.085,0.915,1.0
2025-12-10T22:09:12.418306,0.085,0.915,1.0
2025-12-10T22:09:13.047224,0.085,0.915,1.0
2025-12-10T22:09:13.678212,0.075,0.925,1.0
2025-12-10T22:09:14.288585,0.08,0.92,1.0
2025-12-10T22:09:14.917465,0.085,0.915,1.0
2025-12-10T22:09:15.542070,0.075,0.925,1.0
2025-12-10T22:09:16.157104,0.065,0.935,1.0
2025-12-10T22:09:16.809219,0.065,0.935,1.0
2025-12-10T22:09:17.423440,0.07,0.93,1.0
2025-12-10T22:09:18.036069,0.075,0.925,1.0
2025-12-10T22:09:18.687040,0.065,0.935,1.0
2025-12-10T22:09:19.321003,0.065,0.935,1.0
2025-12-10T22:09:19.952442,0.065,0.935,1.0
2025-12-10T22:09:20.598806,0.065,0.935,1.0
2025-12-10T22:09:21.219291,0.075,0.925,1.0
2025-12-10T22:09:21.854839,0.075,0.925,1.0
2025-12-10T22:09:22.465330,0.075,0.925,1.0
2025-12-10T22:09:23.094471,0.075,0.925,1.0
2025-12-10T22:09:23.710876,0.075,0.92,0.995
2025-12-10T22:09:24.367788,0.075,0.915,0.99
2025-12-10T22:09:24.997685,0.095,0.905,1.0
2025-12-10T22:09:25.622729,0.095,0.905,1.0
2025-12-10T22:09:26.241281,0.095,0.905,1.0
2025-12-10T22:09:26.908196,0.095,0.905,1.0
2025-12-10T22:09:27.549261,0.085,0.915,1.0
2025-12-10T22:09:28.191638,0.085,0.915,1.0
2025-12-10T22:09:28.835630,0.095,0.905,1.0
2025-12-10T22:09:29.463862,0.095,0.905,1.0
2025-12-10T22:09:30.135784,0.095,0.905,1.0
2025-12-10T22:09:30.769229,0.09,0.91,1.0
2025-12-10T22:09:31.413647,0.09,0.915,1.0050000000000001
2025-12-10T22:09:32.111605,0.085,0.915,1.0
2025-12-10T22:09:32.741465,0.085,0.915,1.0
2025-12-10T22:09:33.362761,0.085,0.915,1.0
2025-12-10T22:09:34.011079,0.085,0.915,1.0
2025-12-10T22:09:34.629126,0.085,0.92,1.0050000000000001
2025-12-10T22:09:35.244155,0.085,0.915,1.0
2025-12-10T22:09:35.888762,0.085,0.915,1.0
2025-12-10T22:09:36.558870,0.085,0.915,1.0
2025-12-10T22:09:35.523993,0.085,0.915,1.0
2025-12-10T22:09:36.170511,0.085,0.915,1.0
2025-12-10T22:09:36.805525,0.085,0.915,1.0
2025-12-10T22:09:37.486231,0.085,0.915,1.0
2025-12-10T22:09:38.129038,0.085,0.915,1.0
2025-12-10T22:09:38.741713,0.075,0.925,1.0
2025-12-10T22:09:39.364901,0.075,0.925,1.0
2025-12-10T22:09:40.012480,0.075,0.925,1.0
2025-12-10T22:09:40.652528,0.075,0.925,1.0
2025-12-10T22:09:41.266010,0.085,0.915,1.0
2025-12-10T22:09:41.905888,0.085,0.915,1.0
2025-12-10T22:09:42.532162,0.085,0.915,1.0
2025-12-10T22:09:43.194847,0.085,0.915,1.0
2025-12-10T22:09:43.839654,0.085,0.915,1.0
2025-12-10T22:09:44.478274,0.085,0.92,1.0050000000000001
2025-12-10T22:09:45.145107,0.075,0.925,1.0
2025-12-10T22:09:45.783071,0.075,0.925,1.0
2025-12-10T22:09:46.409020,0.085,0.915,1.0
2025-12-10T22:09:47.047951,0.085,0.915,1.0
2025-12-10T22:09:47.665744,0.085,0.915,1.0
2025-12-10T22:09:48.324368,0.095,0.905,1.0
2025-12-10T22:09:48.968739,0.09,0.91,1.0
2025-12-10T22:09:49.634947,0.085,0.915,1.0
2025-12-10T22:09:50.300889,0.085,0.915,1.0
2025-12-10T22:09:50.963050,0.085,0.915,1.0
2025-12-10T22:09:51.624131,0.085,0.915,1.0
2025-12-10T22:09:52.264105,0.085,0.915,1.0
2025-12-10T22:09:52.898451,0.075,0.925,1.0
2025-12-10T22:09:53.545615,0.085,0.915,1.0
2025-12-10T22:09:54.173346,0.085,0.915,1.0
2025-12-10T22:09:54.798033,0.085,0.915,1.0
2025-12-10T22:09:55.420352,0.085,0.915,1.0
2025-12-10T22:09:56.053296,0.075,0.925,1.0
2025-12-10T22:09:56.673918,0.075,0.925,1.0
2025-12-10T22:09:57.302724,0.075,0.925,1.0
2025-12-10T22:09:57.926079,0.075,0.925,1.0
2025-12-10T22:09:58.563898,0.075,0.925,1.0
2025-12-10T22:09:59.185162,0.075,0.925,1.0
2025-12-10T22:09:59.800577,0.075,0.925,1.0
2025-12-10T22:10:00.416246,0.075,0.925,1.0
2025-12-10T22:10:01.044490,0.075,0.925,1.0
2025-12-10T22:10:01.688123,0.085,0.915,1.0
2025-12-10T22:10:02.315571,0.085,0.915,1.0
2025-12-10T22:10:02.970103,0.085,0.915,1.0
2025-12-10T22:10:03.695746,0.075,0.925,1.0
2025-12-10T22:10:04.350846,0.075,0.925,1.0
2025-12-10T22:10:04.983217,0.075,0.925,1.0
2025-12-10T22:10:05.670856,0.075,0.925,1.0
2025-12-10T22:10:06.285444,0.065,0.935,1.0
2025-12-10T22:10:06.902092,0.065,0.935,1.0
2025-12-10T22:10:07.520508,0.065,0.935,1.0
2025-12-10T22:10:06.466683,0.075,0.93,1.0050000000000001
2025-12-10T22:10:07.095592,0.07,0.935,1.0050000000000001
2025-12-10T22:10:07.742479,0.065,0.935,1.0
2025-12-10T22:10:08.364594,0.065,0.935,1.0
2025-12-10T22:10:08.984578,0.065,0.935,1.0
2025-12-10T22:10:09.664904,0.055,0.945,1.0
2025-12-10T22:10:10.286453,0.055,0.945,1.0
2025-12-10T22:10:10.905261,0.055,0.945,1.0
2025-12-10T22:10:11.535071,0.055,0.945,1.0
2025-12-10T22:10:12.162013,0.055,0.95,1.005
2025-12-10T22:10:12.814633,0.045,0.955,1.0
2025-12-10T22:10:13.434781,0.055,0.945,1.0
2025-12-10T22:10:14.135999,0.055,0.945,1.0
2025-12-10T22:10:14.778847,0.045,0.955,1.0
2025-12-10T22:10:15.394909,0.045,0.955,1.0
2025-12-10T22:10:16.028779,0.045,0.955,1.0
2025-12-10T22:10:16.642393,0.045,0.955,1.0
2025-12-10T22:10:17.284326,0.045,0.955,1.0
2025-12-10T22:10:17.958995,0.045,0.955,1.0
2025-12-10T22:10:18.623042,0.045,0.955,1.0
2025-12-10T22:10:19.267867,0.045,0.955,1.0
2025-12-10T22:10:19.972121,0.045,0.955,1.0
2025-12-10T22:10:20.583721,0.045,0.955,1.0
2025-12-10T22:10:21.238539,0.035,0.965,1.0
2025-12-10T22:10:21.863632,0.045,0.955,1.0
2025-12-10T22:10:22.541229,0.035,0.965,1.0
2025-12-10T22:10:23.197475,0.035,0.965,1.0
2025-12-10T22:10:23.832203,0.035,0.965,1.0
2025-12-10T22:10:24.473079,0.035,0.965,1.0
2025-12-10T22:10:25.089120,0.035,0.965,1.0
2025-12-10T22:10:25.748269,0.03,0.97,1.0
2025-12-10T22:10:26.458368,0.03,0.97,1.0
2025-12-10T22:10:27.081909,0.03,0.97,1.0
2025-12-10T22:10:27.715523,0.025,0.975,1.0
2025-12-10T22:10:28.382943,0.025,0.975,1.0
2025-12-10T22:10:29.008400,0.035,0.965,1.0
2025-12-10T22:10:29.616026,0.035,0.965,1.0
2025-12-10T22:10:30.235165,0.035,0.965,1.0
2025-12-10T22:10:30.852979,0.035,0.965,1.0
2025-12-10T22:10:31.476930,0.035,0.965,1.0
2025-12-10T22:10:32.117126,0.035,0.975,1.01
2025-12-10T22:10:32.761834,0.025,0.975,1.0
2025-12-10T22:10:33.438192,0.025,0.975,1.0
2025-12-10T22:10:34.062370,0.025,0.975,1.0
2025-12-10T22:10:34.694563,0.025,0.975,1.0
2025-12-10T22:10:35.324973,0.025,0.975,1.0
2025-12-10T22:10:35.951882,0.025,0.975,1.0
2025-12-10T22:10:36.581131,0.025,0.975,1.0
2025-12-10T22:10:37.230080,0.015,0.985,1.0
2025-12-10T22:10:37.865049,0.015,0.985,1.0
2025-12-10T22:10:36.797432,0.015,0.985,1.0
2025-12-10T22:10:37.414638,0.015,0.985,1.0
2025-12-10T22:10:38.016531,0.015,0.985,1.0
2025-12-10T22:10:38.637083,0.015,0.985,1.0
2025-12-10T22:10:39.318197,0.015,0.985,1.0
2025-12-10T22:10:39.951894,0.015,0.985,1.0
2025-12-10T22:10:40.574166,0.015,0.985,1.0
2025-12-10T22:10:41.202183,0.015,0.985,1.0
2025-12-10T22:10:41.856077,0.015,0.985,1.0
2025-12-10T22:10:42.470008,0.025,0.98,1.005
2025-12-10T22:10:43.099188,0.015,0.985,1.0
2025-12-10T22:10:43.750558,0.025,0.975,1.0
2025-12-10T22:10:44.400503,0.015,0.985,1.0
2025-12-10T22:10:45.026880,0.015,0.985,1.0
2025-12-10T22:10:45.661329,0.025,0.98,1.005
2025-12-10T22:10:46.276447,0.02,0.98,1.0
2025-12-10T22:10:46.925390,0.02,0.98,1.0
2025-12-10T22:10:47.584000,0.015,0.985,1.0
2025-12-10T22:10:48.217486,0.015,0.985,1.0
2025-12-10T22:10:48.831409,0.015,0.985,1.0
2025-12-10T22:10:49.462213,0.015,0.98,0.995
2025-12-10T22:10:50.098964,0.02,0.98,1.0
2025-12-10T22:10:50.699872,0.025,0.975,1.0
2025-12-10T22:10:51.333403,0.025,0.975,1.0
2025-12-10T22:10:51.958861,0.015,0.985,1.0
2025-12-10T22:10:52.590313,0.015,0.985,1.0
2025-12-10T22:10:53.237443,0.015,0.985,1.0
2025-12-10T22:10:53.867438,0.015,0.985,1.0
2025-12-10T22:10:54.484549,0.015,0.985,1.0
2025-12-10T22:10:55.116437,0.015,0.985,1.0
2025-12-10T22:10:55.762282,0.015,0.985,1.0
2025-12-10T22:10:56.384285,0.015,0.985,1.0
2025-12-10T22:10:57.022282,0.015,0.985,1.0
2025-12-10T22:10:57.647097,0.015,0.985,1.0
2025-12-10T22:10:58.274584,0.015,0.985,1.0
2025-12-10T22:10:58.900358,0.015,0.985,1.0
2025-12-10T22:10:59.566352,0.015,0.985,1.0
2025-12-10T22:11:00.206908,0.015,0.985,1.0
2025-12-10T22:11:00.830714,0.025,0.975,1.0
2025-12-10T22:11:01.447659,0.025,0.975,1.0
2025-12-10T22:11:02.067155,0.025,0.975,1.0
2025-12-10T22:11:02.692809,0.015,0.985,1.0
2025-12-10T22:11:03.332351,0.015,0.985,1.0
2025-12-10T22:11:03.981357,0.015,0.985,1.0
2025-12-10T22:11:04.630790,0.015,0.985,1.0
2025-12-10T22:11:05.286541,0.015,0.985,1.0
2025-12-10T22:11:05.925173,0.015,0.985,1.0
2025-12-10T22:11:06.548516,0.015,0.985,1.0
2025-12-10T22:11:07.186482,0.015,0.985,1.0
2025-12-10T22:11:07.835878,0.015,0.985,1.0
2025-12-10T22:11:08.461204,0.015,0.985,1.0
2025-12-10T22:11:07.402100,0.015,0.985,1.0
2025-12-10T22:11:08.054267,0.015,0.985,1.0
2025-12-10T22:11:08.684829,0.015,0.985,1.0
2025-12-10T22:11:09.323567,0.015,0.985,1.0
2025-12-10T22:11:09.970643,0.015,0.985,1.0
2025-12-10T22:11:10.599977,0.015,0.985,1.0
2025-12-10T22:11:11.252525,0.015,0.985,1.0
2025-12-10T22:11:11.904796,0.015,0.985,1.0
2025-12-10T22:11:12.556279,0.015,0.975,0.99
2025-12-10T22:11:13.206672,0.035,0.965,1.0
2025-12-10T22:11:13.822188,0.035,0.965,1.0
2025-12-10T22:11:14.494594,0.035,0.97,1.005
2025-12-10T22:11:15.172570,0.035,0.965,1.0
2025-12-10T22:11:15.822651,0.025,0.975,1.0
2025-12-10T22:11:16.453401,0.025,0.975,1.0
2025-12-10T22:11:17.085598,0.03,0.97,1.0
2025-12-10T22:11:17.718684,0.035,0.965,1.0
2025-12-10T22:11:18.358489,0.035,0.965,1.0
2025-12-10T22:11:19.013130,0.035,0.965,1.0
2025-12-10T22:11:19.645519,0.025,0.975,1.0
2025-12-10T22:11:20.300481,0.025,0.975,1.0
2025-12-10T22:11:20.974858,0.035,0.975,1.01
2025-12-10T22:11:21.609370,0.045,0.955,1.0
2025-12-10T22:11:22.393550,0.045,0.955,1.0
2025-12-10T22:11:23.068514,0.045,0.955,1.0
2025-12-10T22:11:23.692848,0.045,0.955,1.0
2025-12-10T22:11:24.326597,0.045,0.955,1.0
2025-12-10T22:11:24.995319,0.045,0.955,1.0
2025-12-10T22:11:25.624207,0.045,0.955,1.0
2025-12-10T22:11:26.267226,0.045,0.95,0.995
2025-12-10T22:11:26.956458,0.045,0.955,1.0
2025-12-10T22:11:27.582568,0.045,0.955,1.0
2025-12-10T22:11:28.206024,0.045,0.955,1.0
2025-12-10T22:11:28.877098,0.045,0.955,1.0
2025-12-10T22:11:29.565221,0.035,0.965,1.0
2025-12-10T22:11:30.221323,0.035,0.965,1.0
2025-12-10T22:11:30.883696,0.03,0.97,1.0
2025-12-10T22:11:31.526473,0.035,0.965,1.0
2025-12-10T22:11:32.150073,0.035,0.965,1.0
2025-12-10T22:11:32.803995,0.035,0.965,1.0
2025-12-10T22:11:33.434645,0.035,0.965,1.0
2025-12-10T22:11:34.078909,0.035,0.965,1.0
2025-12-10T22:11:34.713583,0.035,0.965,1.0
2025-12-10T22:11:35.346099,0.035,0.96,0.995
2025-12-10T22:11:35.993111,0.045,0.95,0.995
2025-12-10T22:11:36.633238,0.055,0.945,1.0
2025-12-10T22:11:37.329349,0.055,0.945,1.0
2025-12-10T22:11:38.004016,0.065,0.935,1.0
2025-12-10T22:11:38.642707,0.065,0.935,1.0
2025-12-10T22:11:39.274548,0.075,0.925,1.0
2025-12-10T22:11:38.298969,0.075,0.925,1.0
2025-12-10T22:11:38.962093,0.065,0.935,1.0
2025-12-10T22:11:39.612851,0.065,0.935,1.0
2025-12-10T22:11:40.282289,0.07,0.925,0.9950000000000001
2025-12-10T22:11:40.905773,0.08,0.915,0.995
2025-12-10T22:11:41.567936,0.095,0.905,1.0
2025-12-10T22:11:42.252601,0.095,0.905,1.0
2025-12-10T22:11:42.973184,0.095,0.905,1.0
2025-12-10T22:11:43.607420,0.095,0.905,1.0
2025-12-10T22:11:44.280518,0.095,0.905,1.0
2025-12-10T22:11:44.958652,0.095,0.905,1.0
2025-12-10T22:11:45.589724,0.11,0.89,1.0
2025-12-10T22:11:46.250862,0.11,0.89,1.0
2025-12-10T22:11:46.890856,0.1,0.905,1.0050000000000001
2025-12-10T22:11:47.564166,0.095,0.905,1.0
2025-12-10T22:11:48.218150,0.1,0.89,0.99
2025-12-10T22:11:48.859855,0.115,0.89,1.0050000000000001
2025-12-10T22:11:49.556566,0.11,0.89,1.0
2025-12-10T22:11:50.193798,0.115,0.885,1.0
2025-12-10T22:11:50.882430,0.105,0.895,1.0
2025-12-10T22:11:51.579403,0.105,0.895,1.0
2025-12-10T22:11:52.265225,0.105,0.905,1.01
2025-12-10T22:11:52.945396,0.085,0.915,1.0
2025-12-10T22:11:53.572682,0.075,0.925,1.0
2025-12-10T22:11:54.243501,0.075,0.925,1.0
2025-12-10T22:11:54.898356,0.075,0.925,1.0
2025-12-10T22:11:55.519661,0.065,0.935,1.0
2025-12-10T22:11:56.153119,0.075,0.92,0.995
2025-12-10T22:11:56.854719,0.06,0.935,0.9950000000000001
2025-12-10T22:11:57.503216,0.085,0.915,1.0
2025-12-10T22:11:58.119831,0.075,0.925,1.0
2025-12-10T22:11:58.788474,0.075,0.925,1.0
2025-12-10T22:11:59.488955,0.075,0.925,1.0
2025-12-10T22:12:00.163683,0.075,0.925,1.0
2025-12-10T22:12:00.841869,0.065,0.93,0.9950000000000001
2025-12-10T22:12:01.496584,0.075,0.925,1.0
2025-12-10T22:12:02.182621,0.09,0.9,0.99
2025-12-10T22:12:02.824457,0.105,0.895,1.0
2025-12-10T22:12:03.504853,0.105,0.9,1.0050000000000001
2025-12-10T22:12:04.213342,0.095,0.905,1.0
2025-12-10T22:12:04.861287,0.1,0.895,0.995
2025-12-10T22:12:05.496871,0.105,0.895,1.0
2025-12-10T22:12:06.121382,0.1,0.9,1.0
2025-12-10T22:12:06.755642,0.1,0.9,1.0
2025-12-10T22:12:07.384715,0.105,0.895,1.0
2025-12-10T22:12:08.000752,0.105,0.895,1.0
2025-12-10T22:12:08.634570,0.095,0.905,1.0
2025-12-10T22:12:09.284351,0.095,0.91,1.0050000000000001
2025-12-10T22:12:08.244841,0.08,0.92,1.0
2025-12-10T22:12:08.857834,0.085,0.915,1.0
2025-12-10T22:12:09.478383,0.085,0.915,1.0
2025-12-10T22:12:10.119104,0.095,0.905,1.0
2025-12-10T22:12:10.768509,0.095,0.905,1.0
2025-12-10T22:12:11.386897,0.095,0.905,1.0
2025-12-10T22:12:12.008959,0.095,0.905,1.0
2025-12-10T22:12:12.657440,0.095,0.905,1.0
2025-12-10T22:12:13.353057,0.095,0.905,1.0
2025-12-10T22:12:13.984634,0.095,0.905,1.0
2025-12-10T22:12:14.690808,0.085,0.915,1.0
2025-12-10T22:12:15.417512,0.085,0.915,1.0
2025-12-10T22:12:16.107042,0.075,0.925,1.0
2025-12-10T22:12:16.723401,0.075,0.925,1.0
2025-12-10T22:12:17.352379,0.075,0.925,1.0
2025-12-10T22:12:17.997245,0.075,0.925,1.0
2025-12-10T22:12:18.613160,0.065,0.935,1.0
2025-12-10T22:12:19.239301,0.065,0.935,1.0
2025-12-10T22:12:19.935750,0.055,0.945,1.0
2025-12-10T22:12:20.562143,0.055,0.945,1.0
2025-12-10T22:12:21.185868,0.055,0.945,1.0
2025-12-10T22:12:21.809565,0.035,0.965,1.0
2025-12-10T22:12:22.428097,0.04,0.96,1.0
2025-12-10T22:12:23.070354,0.035,0.965,1.0
2025-12-10T22:12:23.712683,0.025,0.975,1.0
2025-12-10T22:12:24.332352,0.03,0.965,0.995
2025-12-10T22:12:24.967950,0.035,0.965,1.0
2025-12-10T22:12:25.580876,0.025,0.975,1.0
2025-12-10T22:12:26.193454,0.03,0.97,1.0
2025-12-10T22:12:26.816985,0.03,0.97,1.0
2025-12-10T22:12:27.450752,0.03,0.97,1.0
2025-12-10T22:12:28.091891,0.03,0.97,1.0
2025-12-10T22:12:28.713620,0.035,0.965,1.0
2025-12-10T22:12:29.366094,0.035,0.965,1.0
2025-12-10T22:12:30.031645,0.035,0.965,1.0
2025-12-10T22:12:30.713015,0.045,0.95,0.995
2025-12-10T22:12:31.355779,0.045,0.955,1.0
2025-12-10T22:12:32.067177,0.045,0.955,1.0
2025-12-10T22:12:32.848619,0.04,0.96,1.0
2025-12-10T22:12:33.471628,0.045,0.955,1.0
2025-12-10T22:12:34.183543,0.045,0.96,1.005
2025-12-10T22:12:34.852997,0.04,0.96,1.0
2025-12-10T22:12:35.510989,0.045,0.955,1.0
2025-12-10T22:12:36.166953,0.035,0.965,1.0
2025-12-10T22:12:36.834617,0.04,0.96,1.0
2025-12-10T22:12:37.507520,0.04,0.96,1.0
2025-12-10T22:12:38.156672,0.055,0.945,1.0
2025-12-10T22:12:38.800304,0.055,0.945,1.0
2025-12-10T22:12:39.453965,0.065,0.935,1.0
2025-12-10T22:12:40.112496,0.06,0.94,1.0
2025-12-10T22:12:39.162563,0.06,0.935,0.9950000000000001
2025-12-10T22:12:39.775097,0.075,0.915,0.99
2025-12-10T22:12:40.420859,0.075,0.92,0.995
2025-12-10T22:12:41.082554,0.055,0.945,1.0
2025-12-10T22:12:41.715011,0.065,0.93,0.9950000000000001
2025-12-10T22:12:42.367086,0.07,0.93,1.0
2025-12-10T22:12:43.029090,0.065,0.935,1.0
2025-12-10T22:12:43.663743,0.065,0.935,1.0
2025-12-10T22:12:44.283082,0.06,0.94,1.0
2025-12-10T22:12:44.971987,0.065,0.935,1.0
2025-12-10T22:12:45.593111,0.055,0.945,1.0
2025-12-10T22:12:46.221137,0.045,0.95,0.995
2025-12-10T22:12:46.845735,0.055,0.945,1.0
2025-12-10T22:12:47.455896,0.045,0.955,1.0
2025-12-10T22:12:48.111166,0.045,0.955,1.0
2025-12-10T22:12:48.786911,0.045,0.955,1.0
2025-12-10T22:12:49.432562,0.045,0.955,1.0
2025-12-10T22:12:50.066210,0.04,0.96,1.0
2025-12-10T22:12:50.730989,0.045,0.955,1.0
2025-12-10T22:12:51.372506,0.045,0.955,1.0
2025-12-10T22:12:52.029431,0.045,0.955,1.0
2025-12-10T22:12:52.702132,0.04,0.965,1.005
2025-12-10T22:12:53.361578,0.035,0.965,1.0
2025-12-10T22:12:53.993660,0.035,0.965,1.0
2025-12-10T22:12:54.626423,0.035,0.965,1.0
2025-12-10T22:12:55.245269,0.035,0.965,1.0
2025-12-10T22:12:55.944273,0.035,0.955,0.99
2025-12-10T22:12:56.615895,0.045,0.955,1.0
2025-12-10T22:12:57.252883,0.035,0.965,1.0
2025-12-10T22:12:57.896164,0.035,0.965,1.0
2025-12-10T22:12:58.537474,0.04,0.96,1.0
2025-12-10T22:12:59.180779,0.04,0.96,1.0
2025-12-10T22:12:59.821358,0.035,0.965,1.0
2025-12-10T22:13:00.436784,0.045,0.955,1.0
2025-12-10T22:13:01.074421,0.035,0.965,1.0
2025-12-10T22:13:01.700426,0.035,0.965,1.0
2025-12-10T22:13:02.338906,0.025,0.975,1.0
2025-12-10T22:13:02.995022,0.025,0.975,1.0
2025-12-10T22:13:03.620090,0.025,0.975,1.0
2025-12-10T22:13:04.241281,0.025,0.975,1.0
2025-12-10T22:13:04.877953,0.025,0.975,1.0
2025-12-10T22:13:05.515914,0.035,0.965,1.0
2025-12-10T22:13:06.153508,0.055,0.945,1.0
2025-12-10T22:13:06.790151,0.055,0.945,1.0
2025-12-10T22:13:07.410380,0.055,0.945,1.0
2025-12-10T22:13:08.067202,0.045,0.945,0.99
2025-12-10T22:13:08.746076,0.06,0.94,1.0
2025-12-10T22:13:09.417532,0.06,0.945,1.005
2025-12-10T22:13:10.129327,0.045,0.945,0.99
2025-12-10T22:13:10.829533,0.055,0.945,1.0
2025-12-10T22:13:09.765242,0.055,0.945,1.0
2025-12-10T22:13:10.484541,0.055,0.945,1.0
2025-12-10T22:13:11.173067,0.065,0.935,1.0
2025-12-10T22:13:11.795904,0.075,0.925,1.0
2025-12-10T22:13:12.465634,0.08,0.92,1.0
2025-12-10T22:13:13.102291,0.08,0.92,1.0
2025-12-10T22:13:13.740182,0.065,0.935,1.0
2025-12-10T22:13:14.376581,0.065,0.935,1.0
2025-12-10T22:13:14.993095,0.065,0.935,1.0
2025-12-10T22:13:15.783591,0.065,0.935,1.0
2025-12-10T22:13:16.471778,0.065,0.935,1.0
2025-12-10T22:13:17.145961,0.055,0.945,1.0
2025-12-10T22:13:17.792615,0.035,0.965,1.0
2025-12-10T22:13:18.436518,0.035,0.965,1.0
2025-12-10T22:13:19.121286,0.035,0.965,1.0
2025-12-10T22:13:19.742825,0.035,0.965,1.0
2025-12-10T22:13:20.356950,0.035,0.965,1.0
2025-12-10T22:13:20.981153,0.035,0.965,1.0
2025-12-10T22:13:21.630693,0.035,0.965,1.0
2025-12-10T22:13:22.288703,0.035,0.965,1.0
2025-12-10T22:13:22.928260,0.045,0.955,1.0
2025-12-10T22:13:23.559943,0.04,0.96,1.0
2025-12-10T22:13:24.187298,0.045,0.955,1.0
2025-12-10T22:13:24.934780,0.045,0.955,1.0
2025-12-10T22:13:25.597067,0.045,0.955,1.0
2025-12-10T22:13:26.241652,0.05,0.95,1.0
2025-12-10T22:13:26.864239,0.05,0.95,1.0
2025-12-10T22:13:27.515444,0.045,0.955,1.0
2025-12-10T22:13:28.164444,0.05,0.955,1.005
2025-12-10T22:13:28.826385,0.055,0.94,0.995
2025-12-10T22:13:29.472539,0.065,0.935,1.0
2025-12-10T22:13:30.104469,0.06,0.94,1.0
2025-12-10T22:13:30.758253,0.06,0.94,1.0
2025-12-10T22:13:31.460175,0.05,0.95,1.0
2025-12-10T22:13:32.126959,0.04,0.96,1.0
2025-12-10T22:13:32.826551,0.04,0.955,0.995
2025-12-10T22:13:33.485446,0.05,0.95,1.0
2025-12-10T22:13:34.141707,0.04,0.96,1.0
2025-12-10T22:13:34.855260,0.04,0.965,1.005
2025-12-10T22:13:35.514919,0.035,0.965,1.0
2025-12-10T22:13:36.208606,0.035,0.965,1.0
2025-12-10T22:13:36.904533,0.035,0.965,1.0
2025-12-10T22:13:37.602549,0.035,0.965,1.0
2025-12-10T22:13:38.340837,0.03,0.965,0.995
2025-12-10T22:13:39.087760,0.035,0.965,1.0
2025-12-10T22:13:39.713526,0.035,0.965,1.0
2025-12-10T22:13:40.340553,0.035,0.965,1.0
2025-12-10T22:13:40.974490,0.105,0.895,1.0
2025-12-10T22:13:41.613611,0.115,0.885,1.0
2025-12-10T22:13:40.576018,0.125,0.885,1.01
2025-12-10T22:13:41.189051,0.12,0.875,0.995
2025-12-10T22:13:41.813739,0.13,0.87,1.0
2025-12-10T22:13:42.462719,0.135,0.86,0.995
2025-12-10T22:13:43.088720,0.13,0.875,1.005
2025-12-10T22:13:43.720423,0.11,0.885,0.995
2025-12-10T22:13:44.358766,0.085,0.915,1.0
2025-12-10T22:13:44.990198,0.095,0.905,1.0
2025-12-10T22:13:45.610937,0.1,0.9,1.0
2025-12-10T22:13:46.249309,0.095,0.895,0.99
2025-12-10T22:13:46.864461,0.12,0.825,0.945
2025-12-10T22:13:47.481649,0.15,0.855,1.005
2025-12-10T22:13:48.102770,0.15,0.85,1.0
2025-12-10T22:13:48.740437,0.17,0.825,0.995
2025-12-10T22:13:49.369589,0.185,0.815,1.0
2025-12-10T22:13:50.005222,0.175,0.825,1.0
2025-12-10T22:13:50.621550,0.175,0.825,1.0
2025-12-10T22:13:51.255363,0.145,0.865,1.01
2025-12-10T22:13:51.875885,0.13,0.865,0.995
2025-12-10T22:13:52.511915,0.145,0.855,1.0
2025-12-10T22:13:53.146809,0.155,0.845,1.0
2025-12-10T22:13:53.803390,0.12,0.885,1.005
2025-12-10T22:13:54.437889,0.11,0.89,1.0
2025-12-10T22:13:55.125529,0.105,0.895,1.0
2025-12-10T22:13:55.758400,0.1,0.9,1.0
2025-12-10T22:13:56.391942,0.09,0.91,1.0
2025-12-10T22:13:57.039275,0.095,0.905,1.0
2025-12-10T22:13:57.677739,0.085,0.92,1.0050000000000001
2025-12-10T22:13:58.319834,0.065,0.935,1.0
2025-12-10T22:13:58.957804,0.055,0.945,1.0
2025-12-10T22:13:59.621214,0.055,0.945,1.0
2025-12-10T22:14:00.268262,0.085,0.91,0.995
2025-12-10T22:14:00.909155,0.095,0.905,1.0
2025-12-10T22:14:01.557485,0.095,0.91,1.0050000000000001
2025-12-10T22:14:02.216815,0.07,0.915,0.9850000000000001
2025-12-10T22:14:02.894491,0.095,0.915,1.01
2025-12-10T22:14:03.555837,0.08,0.935,1.0150000000000001
2025-12-10T22:14:04.270089,0.07,0.93,1.0
2025-12-10T22:14:04.897798,0.07,0.93,1.0
2025-12-10T22:14:05.546521,0.07,0.915,0.9850000000000001
2025-12-10T22:14:06.176903,0.105,0.895,1.0
2025-12-10T22:14:06.822636,0.105,0.895,1.0
2025-12-10T22:14:07.514757,0.12,0.88,1.0
2025-12-10T22:14:08.140060,0.125,0.875,1.0
2025-12-10T22:14:08.793907,0.13,0.87,1.0
2025-12-10T22:14:09.669030,0.13,0.87,1.0
2025-12-10T22:14:10.309172,0.12,0.88,1.0
2025-12-10T22:14:10.943091,0.13,0.87,1.0
2025-12-10T22:14:11.590574,0.13,0.87,1.0
2025-12-10T22:14:10.573453,0.12,0.875,0.995
2025-12-10T22:14:11.239099,0.13,0.87,1.0
2025-12-10T22:14:11.888749,0.135,0.865,1.0
2025-12-10T22:14:12.520311,0.125,0.865,0.99
2025-12-10T22:14:13.183714,0.14,0.86,1.0
2025-12-10T22:14:13.844365,0.13,0.87,1.0
2025-12-10T22:14:14.489612,0.14,0.86,1.0
2025-12-10T22:14:15.114755,0.135,0.865,1.0
2025-12-10T22:14:15.741682,0.13,0.87,1.0
2025-12-10T22:14:16.380829,0.125,0.875,1.0
2025-12-10T22:14:16.992362,0.125,0.875,1.0
2025-12-10T22:14:17.655393,0.125,0.875,1.0
2025-12-10T22:14:18.290864,0.125,0.875,1.0
2025-12-10T22:14:18.942614,0.1,0.92,1.02
2025-12-10T22:14:19.576553,0.035,0.965,1.0
2025-12-10T22:14:20.225530,0.035,0.965,1.0
2025-12-10T22:14:20.873552,0.035,0.965,1.0
2025-12-10T22:14:21.527871,0.035,0.965,1.0
2025-12-10T22:14:22.168256,0.035,0.965,1.0
2025-12-10T22:14:22.797862,0.035,0.97,1.005
2025-12-10T22:14:23.425236,0.025,0.975,1.0
2025-12-10T22:14:24.080937,0.03,0.97,1.0
2025-12-10T22:14:24.729995,0.035,0.96,0.995
2025-12-10T22:14:25.362041,0.04,0.96,1.0
2025-12-10T22:14:25.989077,0.035,0.965,1.0
2025-12-10T22:14:26.631390,0.04,0.96,1.0
2025-12-10T22:14:27.282668,0.04,0.965,1.005
2025-12-10T22:14:28.029894,0.025,0.975,1.0
2025-12-10T22:14:28.671111,0.035,0.965,1.0
2025-12-10T22:14:29.388062,0.04,0.96,1.0
2025-12-10T22:14:30.041319,0.03,0.97,1.0
2025-12-10T22:14:30.667763,0.03,0.97,1.0
2025-12-10T22:14:31.313288,0.03,0.97,1.0
2025-12-10T22:14:32.001718,0.025,0.975,1.0
2025-12-10T22:14:32.635140,0.025,0.975,1.0
2025-12-10T22:14:33.262138,0.025,0.975,1.0
2025-12-10T22:14:33.929814,0.03,0.97,1.0
2025-12-10T22:14:34.591202,0.035,0.965,1.0
2025-12-10T22:14:35.230691,0.03,0.97,1.0
2025-12-10T22:14:35.872663,0.03,0.97,1.0
2025-12-10T22:14:36.508259,0.035,0.965,1.0
2025-12-10T22:14:37.150543,0.04,0.965,1.005
2025-12-10T22:14:37.878744,0.03,0.97,1.0
2025-12-10T22:14:38.523213,0.02,0.985,1.005
2025-12-10T22:14:39.158431,0.015,0.985,1.0
2025-12-10T22:14:39.788490,0.015,0.985,1.0
2025-12-10T22:14:40.433491,0.015,0.985,1.0
2025-12-10T22:14:41.103802,0.015,0.985,1.0
2025-12-10T22:14:41.736383,0.015,0.985,1.0
2025-12-10T22:14:42.367893,0.015,0.985,1.0
2025-12-10T22:14:41.313756,0.015,0.985,1.0
2025-12-10T22:14:41.931952,0.015,0.985,1.0
2025-12-10T22:14:42.592169,0.015,0.985,1.0
2025-12-10T22:14:43.213238,0.005,0.995,1.0
2025-12-10T22:14:43.855665,0.005,0.995,1.0
2025-12-10T22:14:44.472410,0.005,0.995,1.0
2025-12-10T22:14:45.089405,0.005,0.995,1.0
2025-12-10T22:14:45.720447,0.005,0.995,1.0
2025-12-10T22:14:46.336685,0.005,0.995,1.0
2025-12-10T22:14:46.962777,0.005,0.995,1.0
2025-12-10T22:14:47.601962,0.005,0.995,1.0
2025-12-10T22:14:48.220793,0.005,0.995,1.0
2025-12-10T22:14:48.886115,0.005,0.995,1.0
2025-12-10T22:14:49.643359,0.005,0.995,1.0
2025-12-10T22:14:50.288311,0.005,0.995,1.0
2025-12-10T22:14:50.928904,0.005,0.995,1.0
2025-12-10T22:14:51.547826,0.005,0.995,1.0
2025-12-10T22:14:52.159243,0.005,0.995,1.0
2025-12-10T22:14:52.800183,0.005,0.995,1.0
2025-12-10T22:14:53.439485,0.005,0.995,1.0
2025-12-10T22:14:54.078465,0.005,0.995,1.0
2025-12-10T22:14:54.701213,0.005,0.995,1.0
2025-12-10T22:14:55.356927,0.005,0.995,1.0
2025-12-10T22:14:56.003144,0.005,0.995,1.0
2025-12-10T22:14:56.636629,0.005,0.995,1.0
2025-12-10T22:14:57.285460,0.005,0.995,1.0
2025-12-10T22:14:57.909770,0.005,0.995,1.0
2025-12-10T22:14:58.538033,0.005,0.995,1.0
2025-12-10T22:14:59.165730,0.005,0.995,1.0
2025-12-10T22:14:59.778301,0.005,0.995,1.0
2025-12-10T22:15:00.393635,0.005,0.995,1.0
2025-12-10T22:15:01.032076,0.005,0.995,1.0
2025-12-10T22:15:01.647586,0.005,0.995,1.0
2025-12-10T22:15:02.272042,0.005,0.995,1.0
2025-12-10T22:15:02.983826,0.005,0.995,1.0
2025-12-10T22:15:03.601214,0.005,0.995,1.0
2025-12-10T22:15:04.257353,0.005,0.995,1.0
2025-12-10T22:15:04.972523,0.005,0.995,1.0
2025-12-10T22:15:05.646704,0.005,0.995,1.0
2025-12-10T22:15:06.308736,0.005,0.995,1.0
2025-12-10T22:15:06.942900,0.005,0.995,1.0
2025-12-10T22:15:07.611062,0.005,0.995,1.0
2025-12-10T22:15:08.353930,0.005,0.995,1.0
2025-12-10T22:15:08.976868,0.005,0.995,1.0
2025-12-10T22:15:09.667921,0.005,0.995,1.0
2025-12-10T22:15:10.361134,0.005,0.995,1.0
2025-12-10T22:15:11.033362,0.005,0.995,1.0
2025-12-10T22:15:11.657381,0.005,0.995,1.0
2025-12-10T22:15:12.319232,0.005,0.995,1.0
2025-12-10T22:15:12.937691,0.005,0.995,1.0
2025-12-10T22:15:11.870342,0.005,0.995,1.0
2025-12-10T22:15:12.506495,0.005,0.995,1.0
2025-12-10T22:15:13.123972,0.005,0.995,1.0
2025-12-10T22:15:13.756644,0.005,0.995,1.0
2025-12-10T22:15:14.398929,0.005,0.995,1.0
2025-12-10T22:15:15.015147,0.005,0.995,1.0
2025-12-10T22:15:15.656759,0.005,0.995,1.0
2025-12-10T22:15:16.280125,0.005,0.995,1.0
2025-12-10T22:15:16.888778,0.005,0.995,1.0
2025-12-10T22:15:17.529164,0.005,0.995,1.0
2025-12-10T22:15:18.188984,0.005,0.995,1.0
2025-12-10T22:15:18.812314,0.005,0.995,1.0
2025-12-10T22:15:19.472398,0.005,0.995,1.0
2025-12-10T22:15:20.132504,0.005,0.995,1.0
2025-12-10T22:15:20.743959,0.005,0.995,1.0
2025-12-10T22:15:21.403055,0.005,0.995,1.0
2025-12-10T22:15:22.008251,0.005,0.995,1.0
2025-12-10T22:15:22.622503,0.005,0.995,1.0
2025-12-10T22:15:23.288238,0.005,0.995,1.0
2025-12-10T22:15:23.947967,0.005,0.995,1.0
2025-12-10T22:15:24.590070,0.005,0.995,1.0
2025-12-10T22:15:25.245573,0.005,0.995,1.0
2025-12-10T22:15:25.895444,0.005,0.995,1.0
2025-12-10T22:15:26.599240,0.005,0.995,1.0
2025-12-10T22:15:27.237957,0.005,0.995,1.0
2025-12-10T22:15:27.861012,0.005,0.995,1.0
2025-12-10T22:15:28.497682,0.005,0.995,1.0
2025-12-10T22:15:29.134753,0.005,0.995,1.0
2025-12-10T22:15:29.752688,0.005,0.995,1.0
2025-12-10T22:15:30.386275,0.005,0.995,1.0
2025-12-10T22:15:30.999907,0.005,0.995,1.0
2025-12-10T22:15:31.617097,0.005,0.995,1.0
2025-12-10T22:15:32.225286,0.005,0.995,1.0
2025-12-10T22:15:32.878224,0.005,0.995,1.0
2025-12-10T22:15:33.552767,0.005,0.995,1.0
2025-12-10T22:15:34.207319,0.005,0.995,1.0
2025-12-10T22:15:34.833298,0.005,0.995,1.0
2025-12-10T22:15:35.453359,0.005,0.995,1.0
2025-12-10T22:15:36.126463,0.005,0.995,1.0
2025-12-10T22:15:36.830546,0.005,0.995,1.0
2025-12-10T22:15:37.529854,0.005,0.995,1.0
2025-12-10T22:15:38.225041,0.005,0.995,1.0
2025-12-10T22:15:38.870882,0.005,0.995,1.0
2025-12-10T22:15:39.517818,0.005,0.995,1.0
2025-12-10T22:15:40.141619,0.005,0.995,1.0
2025-12-10T22:15:40.761343,0.005,0.995,1.0
2025-12-10T22:15:41.389244,0.005,0.995,1.0
2025-12-10T22:15:42.057602,0.005,0.995,1.0
2025-12-10T22:15:42.691562,0.005,0.995,1.0
2025-12-10T22:15:43.321773,0.005,0.995,1.0
2025-12-10T22:15:42.248855,0.005,0.995,1.0
2025-12-10T22:15:42.858617,0.005,0.995,1.0
2025-12-10T22:15:43.489340,0.005,0.995,1.0
2025-12-10T22:15:44.132403,0.005,0.995,1.0
2025-12-10T22:15:44.771516,0.005,0.995,1.0
2025-12-10T22:15:45.387434,0.005,0.995,1.0
2025-12-10T22:15:46.008341,0.005,0.995,1.0
2025-12-10T22:15:46.667944,0.005,0.995,1.0
2025-12-10T22:15:47.294847,0.005,0.995,1.0
2025-12-10T22:15:47.947242,0.005,0.995,1.0
2025-12-10T22:15:48.551288,0.005,0.995,1.0
2025-12-10T22:15:49.170704,0.005,0.995,1.0
2025-12-10T22:15:49.801682,0.005,0.995,1.0
2025-12-10T22:15:50.425159,0.005,0.995,1.0
2025-12-10T22:15:51.048183,0.005,0.995,1.0
2025-12-10T22:15:51.714684,0.005,0.995,1.0
2025-12-10T22:15:52.365120,0.005,0.995,1.0
2025-12-10T22:15:53.094115,0.005,0.995,1.0
2025-12-10T22:15:53.800201,0.005,0.995,1.0
2025-12-10T22:15:54.485571,0.005,0.995,1.0
2025-12-10T22:15:55.225464,0.005,0.995,1.0
2025-12-10T22:15:55.987009,0.005,0.995,1.0
2025-12-10T22:15:56.621765,0.005,0.995,1.0
2025-12-10T22:15:57.264721,0.005,0.995,1.0
2025-12-10T22:15:57.892751,0.005,0.995,1.0
2025-12-10T22:15:58.528635,0.005,0.995,1.0
2025-12-10T22:15:59.154294,0.005,0.995,1.0
2025-12-10T22:15:59.839800,0.005,0.995,1.0
