timestamp,price_yes,price_no,sum_prices
2025-12-11T02:01:00.443457,0.46,0.54,1.0
2025-12-11T02:01:01.043332,0.455,0.545,1.0
2025-12-11T02:01:01.657100,0.455,0.545,1.0
2025-12-11T02:01:02.254857,0.465,0.535,1.0
2025-12-11T02:01:02.881415,0.465,0.535,1.0
2025-12-11T02:01:03.495708,0.46,0.54,1.0
2025-12-11T02:01:04.124677,0.445,0.555,1.0
2025-12-11T02:01:04.751902,0.45,0.55,1.0
2025-12-11T02:01:05.376726,0.455,0.545,1.0
2025-12-11T02:01:06.003107,0.445,0.555,1.0
2025-12-11T02:01:06.637041,0.45,0.55,1.0
2025-12-11T02:01:07.253297,0.455,0.545,1.0
2025-12-11T02:01:07.869697,0.455,0.545,1.0
2025-12-11T02:01:08.483080,0.445,0.555,1.0
2025-12-11T02:01:09.099322,0.445,0.555,1.0
2025-12-11T02:01:09.709030,0.445,0.555,1.0
2025-12-11T02:01:10.322225,0.435,0.545,0.98
2025-12-11T02:01:10.940845,0.465,0.535,1.0
2025-12-11T02:01:11.557090,0.49,0.505,0.995
2025-12-11T02:01:12.170713,0.495,0.505,1.0
2025-12-11T02:01:12.787001,0.52,0.485,1.005
2025-12-11T02:01:13.401827,0.525,0.475,1.0
2025-12-11T02:01:14.014607,0.535,0.465,1.0
2025-12-11T02:01:14.628042,0.535,0.465,1.0
2025-12-11T02:01:15.238669,0.535,0.465,1.0
2025-12-11T02:01:15.856701,0.535,0.465,1.0
2025-12-11T02:01:16.474730,0.535,0.465,1.0
2025-12-11T02:01:17.092364,0.545,0.475,1.02
2025-12-11T02:01:17.707179,0.515,0.49,1.005
2025-12-11T02:01:18.341092,0.505,0.495,1.0
2025-12-11T02:01:18.950262,0.5,0.505,1.005
2025-12-11T02:01:19.565758,0.495,0.505,1.0
2025-12-11T02:01:20.178876,0.49,0.51,1.0
2025-12-11T02:01:20.802896,0.495,0.505,1.0
2025-12-11T02:01:21.419433,0.5,0.495,0.995
2025-12-11T02:01:22.041102,0.505,0.495,1.0
2025-12-11T02:01:22.652016,0.505,0.495,1.0
2025-12-11T02:01:23.269133,0.505,0.495,1.0
2025-12-11T02:01:23.887966,0.505,0.495,1.0
2025-12-11T02:01:24.505190,0.505,0.495,1.0
2025-12-11T02:01:25.119688,0.5,0.5,1.0
2025-12-11T02:01:25.736526,0.495,0.505,1.0
2025-12-11T02:01:26.343352,0.5,0.5,1.0
2025-12-11T02:01:26.958918,0.5,0.5,1.0
2025-12-11T02:01:27.570830,0.495,0.505,1.0
2025-12-11T02:01:28.180674,0.495,0.505,1.0
2025-12-11T02:01:27.236414,0.505,0.495,1.0
2025-12-11T02:01:27.839801,0.51,0.485,0.995
2025-12-11T02:01:28.442468,0.52,0.48,1.0
2025-12-11T02:01:29.064986,0.505,0.495,1.0
2025-12-11T02:01:29.680078,0.495,0.505,1.0
2025-12-11T02:01:30.297686,0.495,0.505,1.0
2025-12-11T02:01:30.909768,0.485,0.515,1.0
2025-12-11T02:01:31.526630,0.505,0.495,1.0
2025-12-11T02:01:32.142550,0.505,0.495,1.0
2025-12-11T02:01:32.750939,0.505,0.495,1.0
2025-12-11T02:01:33.369676,0.505,0.495,1.0
2025-12-11T02:01:33.988801,0.505,0.495,1.0
2025-12-11T02:01:34.615818,0.51,0.49,1.0
2025-12-11T02:01:35.232718,0.515,0.485,1.0
2025-12-11T02:01:35.854298,0.52,0.48,1.0
2025-12-11T02:01:36.471984,0.505,0.5,1.005
2025-12-11T02:01:37.084583,0.485,0.515,1.0
2025-12-11T02:01:37.700489,0.475,0.525,1.0
2025-12-11T02:01:38.315823,0.475,0.525,1.0
2025-12-11T02:01:38.923595,0.47,0.53,1.0
2025-12-11T02:01:39.546633,0.47,0.53,1.0
2025-12-11T02:01:40.160142,0.48,0.52,1.0
2025-12-11T02:01:40.773985,0.485,0.515,1.0
2025-12-11T02:01:41.388635,0.495,0.505,1.0
2025-12-11T02:01:42.009428,0.495,0.505,1.0
2025-12-11T02:01:42.623920,0.495,0.505,1.0
2025-12-11T02:01:43.229277,0.495,0.505,1.0
2025-12-11T02:01:43.890299,0.495,0.505,1.0
2025-12-11T02:01:44.505950,0.495,0.505,1.0
2025-12-11T02:01:45.103232,0.495,0.505,1.0
2025-12-11T02:01:45.723871,0.495,0.505,1.0
2025-12-11T02:01:46.336856,0.495,0.505,1.0
2025-12-11T02:01:46.953505,0.495,0.505,1.0
2025-12-11T02:01:47.571603,0.495,0.505,1.0
2025-12-11T02:01:48.182825,0.495,0.505,1.0
2025-12-11T02:01:48.834042,0.495,0.505,1.0
2025-12-11T02:01:49.439804,0.475,0.525,1.0
2025-12-11T02:01:50.054687,0.465,0.535,1.0
2025-12-11T02:01:50.671938,0.46,0.54,1.0
2025-12-11T02:01:51.283401,0.455,0.545,1.0
2025-12-11T02:01:51.891593,0.465,0.535,1.0
2025-12-11T02:01:52.515759,0.455,0.545,1.0
2025-12-11T02:01:53.134515,0.455,0.545,1.0
2025-12-11T02:01:53.747815,0.455,0.545,1.0
2025-12-11T02:01:54.400551,0.44,0.565,1.005
2025-12-11T02:01:55.008136,0.425,0.575,1.0
2025-12-11T02:01:55.608973,0.425,0.575,1.0
2025-12-11T02:01:56.237524,0.42,0.58,1.0
2025-12-11T02:01:56.856249,0.425,0.575,1.0
2025-12-11T02:01:57.458715,0.425,0.575,1.0
2025-12-11T02:01:58.064421,0.415,0.585,1.0
2025-12-11T02:01:58.687167,0.415,0.585,1.0
2025-12-11T02:01:59.306908,0.415,0.585,1.0
2025-12-11T02:01:58.311599,0.415,0.585,1.0
2025-12-11T02:01:58.926299,0.415,0.585,1.0
2025-12-11T02:01:59.544725,0.425,0.575,1.0
2025-12-11T02:02:00.149187,0.425,0.575,1.0
2025-12-11T02:02:00.755956,0.425,0.565,0.99
2025-12-11T02:02:01.358704,0.435,0.565,1.0
2025-12-11T02:02:01.968159,0.42,0.575,0.9949999999999999
2025-12-11T02:02:02.574552,0.425,0.575,1.0
2025-12-11T02:02:03.184061,0.415,0.585,1.0
2025-12-11T02:02:03.787513,0.415,0.585,1.0
2025-12-11T02:02:04.389316,0.405,0.595,1.0
2025-12-11T02:02:05.004127,0.405,0.595,1.0
2025-12-11T02:02:05.632277,0.395,0.605,1.0
2025-12-11T02:02:06.241582,0.4,0.605,1.005
2025-12-11T02:02:06.849934,0.41,0.59,1.0
2025-12-11T02:02:07.474639,0.415,0.585,1.0
2025-12-11T02:02:08.071721,0.405,0.595,1.0
2025-12-11T02:02:08.697112,0.41,0.585,0.9949999999999999
2025-12-11T02:02:09.309949,0.415,0.585,1.0
2025-12-11T02:02:09.920401,0.415,0.585,1.0
2025-12-11T02:02:10.534631,0.425,0.575,1.0
2025-12-11T02:02:11.138935,0.42,0.58,1.0
2025-12-11T02:02:11.748224,0.435,0.565,1.0
2025-12-11T02:02:12.377782,0.425,0.575,1.0
2025-12-11T02:02:12.983293,0.425,0.575,1.0
2025-12-11T02:02:13.588452,0.435,0.565,1.0
2025-12-11T02:02:14.194423,0.435,0.565,1.0
2025-12-11T02:02:14.793366,0.44,0.555,0.9950000000000001
2025-12-11T02:02:15.396949,0.43,0.57,1.0
2025-12-11T02:02:16.006499,0.425,0.575,1.0
2025-12-11T02:02:16.615834,0.425,0.575,1.0
2025-12-11T02:02:17.215202,0.4,0.6,1.0
2025-12-11T02:02:17.826627,0.405,0.595,1.0
2025-12-11T02:02:18.436143,0.41,0.59,1.0
2025-12-11T02:02:19.036390,0.405,0.595,1.0
2025-12-11T02:02:19.646735,0.405,0.595,1.0
2025-12-11T02:02:20.259485,0.41,0.59,1.0
2025-12-11T02:02:20.869564,0.405,0.595,1.0
2025-12-11T02:02:21.486790,0.395,0.605,1.0
2025-12-11T02:02:22.084564,0.395,0.605,1.0
2025-12-11T02:02:22.693273,0.385,0.615,1.0
2025-12-11T02:02:23.302939,0.385,0.615,1.0
2025-12-11T02:02:23.926604,0.385,0.615,1.0
2025-12-11T02:02:24.527720,0.38,0.625,1.005
2025-12-11T02:02:25.129251,0.375,0.625,1.0
2025-12-11T02:02:25.743663,0.37,0.63,1.0
2025-12-11T02:02:26.355655,0.375,0.625,1.0
2025-12-11T02:02:26.966682,0.38,0.62,1.0
2025-12-11T02:02:27.573952,0.38,0.62,1.0
2025-12-11T02:02:28.180277,0.385,0.615,1.0
2025-12-11T02:02:28.790859,0.405,0.595,1.0
2025-12-11T02:02:29.388660,0.405,0.595,1.0
2025-12-11T02:02:28.394698,0.4,0.6,1.0
2025-12-11T02:02:29.001485,0.4,0.6,1.0
2025-12-11T02:02:29.605732,0.4,0.595,0.995
2025-12-11T02:02:30.208557,0.405,0.595,1.0
2025-12-11T02:02:30.825175,0.405,0.595,1.0
2025-12-11T02:02:31.434332,0.415,0.585,1.0
2025-12-11T02:02:32.038648,0.425,0.58,1.005
2025-12-11T02:02:32.645153,0.415,0.585,1.0
2025-12-11T02:02:33.254077,0.435,0.565,1.0
2025-12-11T02:02:33.855291,0.435,0.565,1.0
2025-12-11T02:02:34.459928,0.435,0.565,1.0
2025-12-11T02:02:35.066074,0.445,0.555,1.0
2025-12-11T02:02:35.696071,0.445,0.555,1.0
2025-12-11T02:02:36.301644,0.43,0.57,1.0
2025-12-11T02:02:36.905509,0.425,0.575,1.0
2025-12-11T02:02:37.506068,0.43,0.575,1.005
2025-12-11T02:02:38.111098,0.425,0.575,1.0
2025-12-11T02:02:38.717336,0.435,0.565,1.0
2025-12-11T02:02:39.357411,0.445,0.555,1.0
2025-12-11T02:02:39.968846,0.445,0.555,1.0
2025-12-11T02:02:40.565278,0.445,0.555,1.0
2025-12-11T02:02:41.178927,0.455,0.545,1.0
2025-12-11T02:02:41.803637,0.445,0.555,1.0
2025-12-11T02:02:42.400364,0.445,0.555,1.0
2025-12-11T02:02:43.006249,0.45,0.55,1.0
2025-12-11T02:02:43.608653,0.455,0.545,1.0
2025-12-11T02:02:44.220772,0.455,0.545,1.0
2025-12-11T02:02:44.829353,0.455,0.545,1.0
2025-12-11T02:02:45.436009,0.455,0.545,1.0
2025-12-11T02:02:46.045487,0.455,0.545,1.0
2025-12-11T02:02:46.642691,0.455,0.545,1.0
2025-12-11T02:02:47.252753,0.455,0.545,1.0
2025-12-11T02:02:47.852271,0.45,0.55,1.0
2025-12-11T02:02:48.462071,0.445,0.555,1.0
2025-12-11T02:02:49.068007,0.435,0.565,1.0
2025-12-11T02:02:49.715651,0.445,0.545,0.99
2025-12-11T02:02:50.329981,0.455,0.545,1.0
2025-12-11T02:02:50.939463,0.465,0.535,1.0
2025-12-11T02:02:51.538696,0.465,0.535,1.0
2025-12-11T02:02:52.148972,0.465,0.535,1.0
2025-12-11T02:02:52.764129,0.45,0.55,1.0
2025-12-11T02:02:53.375014,0.45,0.555,1.0050000000000001
2025-12-11T02:02:53.978794,0.435,0.575,1.01
2025-12-11T02:02:54.581922,0.425,0.575,1.0
2025-12-11T02:02:55.187430,0.425,0.585,1.01
2025-12-11T02:02:55.800891,0.415,0.595,1.01
2025-12-11T02:02:56.405658,0.405,0.595,1.0
2025-12-11T02:02:57.010740,0.405,0.595,1.0
2025-12-11T02:02:57.609960,0.405,0.595,1.0
2025-12-11T02:02:58.209769,0.41,0.59,1.0
2025-12-11T02:02:58.822807,0.415,0.585,1.0
2025-12-11T02:02:59.425906,0.41,0.59,1.0
2025-12-11T02:03:00.034489,0.42,0.58,1.0
2025-12-11T02:03:00.649751,0.425,0.575,1.0
2025-12-11T02:02:59.657571,0.425,0.575,1.0
2025-12-11T02:03:00.265070,0.425,0.575,1.0
2025-12-11T02:03:00.867856,0.425,0.575,1.0
2025-12-11T02:03:01.480018,0.425,0.575,1.0
2025-12-11T02:03:02.085510,0.435,0.565,1.0
2025-12-11T02:03:02.689625,0.445,0.555,1.0
2025-12-11T02:03:03.290118,0.445,0.555,1.0
2025-12-11T02:03:03.897062,0.44,0.56,1.0
2025-12-11T02:03:04.509018,0.44,0.56,1.0
2025-12-11T02:03:05.112214,0.435,0.565,1.0
2025-12-11T02:03:05.710808,0.425,0.575,1.0
2025-12-11T02:03:06.317240,0.425,0.575,1.0
2025-12-11T02:03:06.919620,0.425,0.575,1.0
2025-12-11T02:03:07.547451,0.435,0.565,1.0
2025-12-11T02:03:08.156032,0.435,0.565,1.0
2025-12-11T02:03:08.766227,0.465,0.535,1.0
2025-12-11T02:03:09.377729,0.475,0.525,1.0
2025-12-11T02:03:09.978429,0.475,0.52,0.995
2025-12-11T02:03:10.583157,0.475,0.525,1.0
2025-12-11T02:03:11.187887,0.435,0.565,1.0
2025-12-11T02:03:11.797459,0.44,0.56,1.0
2025-12-11T02:03:12.417754,0.435,0.565,1.0
2025-12-11T02:03:13.038502,0.43,0.57,1.0
2025-12-11T02:03:13.646573,0.425,0.575,1.0
2025-12-11T02:03:14.251175,0.43,0.57,1.0
2025-12-11T02:03:14.863650,0.415,0.585,1.0
2025-12-11T02:03:15.466751,0.415,0.585,1.0
2025-12-11T02:03:16.071385,0.405,0.595,1.0
2025-12-11T02:03:16.716527,0.395,0.61,1.005
2025-12-11T02:03:17.311474,0.365,0.635,1.0
2025-12-11T02:03:17.916629,0.365,0.635,1.0
2025-12-11T02:03:18.527715,0.355,0.645,1.0
2025-12-11T02:03:19.138423,0.355,0.645,1.0
2025-12-11T02:03:19.741954,0.345,0.655,1.0
2025-12-11T02:03:20.346768,0.335,0.665,1.0
2025-12-11T02:03:20.946815,0.335,0.665,1.0
2025-12-11T02:03:21.548051,0.325,0.675,1.0
2025-12-11T02:03:22.163331,0.325,0.67,0.9950000000000001
2025-12-11T02:03:22.772499,0.335,0.665,1.0
2025-12-11T02:03:23.375818,0.335,0.665,1.0
2025-12-11T02:03:23.979676,0.33,0.675,1.0050000000000001
2025-12-11T02:03:24.590047,0.325,0.675,1.0
2025-12-11T02:03:25.203639,0.325,0.675,1.0
2025-12-11T02:03:25.818164,0.315,0.685,1.0
2025-12-11T02:03:26.417618,0.315,0.685,1.0
2025-12-11T02:03:27.020532,0.305,0.695,1.0
2025-12-11T02:03:27.622544,0.305,0.695,1.0
2025-12-11T02:03:28.233289,0.295,0.705,1.0
2025-12-11T02:03:28.841792,0.305,0.695,1.0
2025-12-11T02:03:29.442161,0.315,0.685,1.0
2025-12-11T02:03:30.043676,0.305,0.695,1.0
2025-12-11T02:03:30.640297,0.305,0.695,1.0
2025-12-11T02:03:29.655841,0.295,0.705,1.0
2025-12-11T02:03:30.265536,0.3,0.7,1.0
2025-12-11T02:03:30.869567,0.285,0.715,1.0
2025-12-11T02:03:31.476128,0.285,0.715,1.0
2025-12-11T02:03:32.074373,0.275,0.725,1.0
2025-12-11T02:03:32.676027,0.275,0.725,1.0
2025-12-11T02:03:33.285865,0.265,0.73,0.995
2025-12-11T02:03:33.892598,0.265,0.735,1.0
2025-12-11T02:03:34.498815,0.265,0.735,1.0
2025-12-11T02:03:35.148065,0.255,0.745,1.0
2025-12-11T02:03:35.756821,0.265,0.735,1.0
2025-12-11T02:03:36.367682,0.255,0.745,1.0
2025-12-11T02:03:36.977750,0.245,0.755,1.0
2025-12-11T02:03:37.572354,0.245,0.755,1.0
2025-12-11T02:03:38.185602,0.245,0.755,1.0
2025-12-11T02:03:38.796578,0.245,0.755,1.0
2025-12-11T02:03:39.404084,0.245,0.755,1.0
2025-12-11T02:03:40.007537,0.235,0.765,1.0
2025-12-11T02:03:40.606855,0.23,0.765,0.995
2025-12-11T02:03:41.214734,0.225,0.775,1.0
2025-12-11T02:03:41.821162,0.225,0.775,1.0
2025-12-11T02:03:42.430086,0.225,0.775,1.0
2025-12-11T02:03:43.037658,0.225,0.775,1.0
2025-12-11T02:03:43.648488,0.225,0.775,1.0
2025-12-11T02:03:44.263950,0.225,0.77,0.995
2025-12-11T02:03:44.883197,0.235,0.765,1.0
2025-12-11T02:03:45.496624,0.255,0.745,1.0
2025-12-11T02:03:46.107843,0.255,0.745,1.0
2025-12-11T02:03:46.711442,0.245,0.755,1.0
2025-12-11T02:03:47.321597,0.245,0.755,1.0
2025-12-11T02:03:47.924781,0.245,0.755,1.0
2025-12-11T02:03:48.568435,0.225,0.775,1.0
2025-12-11T02:03:49.172313,0.215,0.785,1.0
2025-12-11T02:03:49.776656,0.205,0.795,1.0
2025-12-11T02:03:50.369841,0.205,0.795,1.0
2025-12-11T02:03:50.979912,0.205,0.795,1.0
2025-12-11T02:03:51.587033,0.195,0.805,1.0
2025-12-11T02:03:52.191325,0.195,0.805,1.0
2025-12-11T02:03:52.803289,0.205,0.795,1.0
2025-12-11T02:03:53.411081,0.195,0.805,1.0
2025-12-11T02:03:54.018300,0.195,0.805,1.0
2025-12-11T02:03:54.623112,0.195,0.805,1.0
2025-12-11T02:03:55.237841,0.205,0.795,1.0
2025-12-11T02:03:55.845175,0.21,0.79,1.0
2025-12-11T02:03:56.450103,0.2,0.8,1.0
2025-12-11T02:03:57.061059,0.195,0.805,1.0
2025-12-11T02:03:57.663129,0.195,0.805,1.0
2025-12-11T02:03:58.259443,0.195,0.805,1.0
2025-12-11T02:03:58.875365,0.19,0.81,1.0
2025-12-11T02:03:59.480857,0.185,0.815,1.0
2025-12-11T02:04:00.080815,0.19,0.81,1.0
2025-12-11T02:04:00.682836,0.19,0.81,1.0
2025-12-11T02:04:01.285163,0.195,0.805,1.0
2025-12-11T02:04:00.324734,0.2,0.8,1.0
2025-12-11T02:04:00.929906,0.21,0.79,1.0
2025-12-11T02:04:01.546873,0.225,0.775,1.0
2025-12-11T02:04:02.143535,0.225,0.775,1.0
2025-12-11T02:04:02.738243,0.23,0.77,1.0
2025-12-11T02:04:03.343418,0.23,0.77,1.0
2025-12-11T02:04:03.944767,0.235,0.765,1.0
2025-12-11T02:04:04.549110,0.235,0.76,0.995
2025-12-11T02:04:05.165383,0.245,0.755,1.0
2025-12-11T02:04:05.784086,0.24,0.76,1.0
2025-12-11T02:04:06.388246,0.235,0.765,1.0
2025-12-11T02:04:06.994273,0.235,0.765,1.0
2025-12-11T02:04:07.601583,0.225,0.775,1.0
2025-12-11T02:04:08.203105,0.225,0.775,1.0
2025-12-11T02:04:08.810008,0.22,0.78,1.0
2025-12-11T02:04:09.414136,0.22,0.78,1.0
2025-12-11T02:04:10.054615,0.21,0.79,1.0
2025-12-11T02:04:10.652677,0.205,0.795,1.0
2025-12-11T02:04:11.276801,0.21,0.785,0.995
2025-12-11T02:04:11.880128,0.22,0.78,1.0
2025-12-11T02:04:12.487964,0.22,0.78,1.0
2025-12-11T02:04:13.093254,0.22,0.78,1.0
2025-12-11T02:04:13.697319,0.205,0.79,0.995
2025-12-11T02:04:14.312190,0.195,0.805,1.0
2025-12-11T02:04:14.913521,0.185,0.815,1.0
2025-12-11T02:04:15.519982,0.185,0.815,1.0
2025-12-11T02:04:16.122161,0.185,0.825,1.01
2025-12-11T02:04:16.744377,0.175,0.825,1.0
2025-12-11T02:04:17.358668,0.175,0.825,1.0
2025-12-11T02:04:17.970143,0.165,0.835,1.0
2025-12-11T02:04:18.577458,0.16,0.84,1.0
2025-12-11T02:04:19.185764,0.155,0.845,1.0
2025-12-11T02:04:19.787864,0.155,0.845,1.0
2025-12-11T02:04:20.392084,0.145,0.855,1.0
2025-12-11T02:04:20.997258,0.15,0.85,1.0
2025-12-11T02:04:21.624985,0.155,0.845,1.0
2025-12-11T02:04:22.235412,0.145,0.855,1.0
2025-12-11T02:04:22.833924,0.15,0.85,1.0
2025-12-11T02:04:23.440833,0.145,0.855,1.0
2025-12-11T02:04:24.040841,0.145,0.855,1.0
2025-12-11T02:04:24.645770,0.145,0.855,1.0
2025-12-11T02:04:25.248401,0.14,0.86,1.0
2025-12-11T02:04:25.867350,0.145,0.855,1.0
2025-12-11T02:04:26.487113,0.14,0.855,0.995
2025-12-11T02:04:27.093497,0.14,0.86,1.0
2025-12-11T02:04:27.705290,0.135,0.865,1.0
2025-12-11T02:04:28.322178,0.135,0.865,1.0
2025-12-11T02:04:28.933116,0.135,0.865,1.0
2025-12-11T02:04:29.541274,0.145,0.855,1.0
2025-12-11T02:04:30.175048,0.15,0.85,1.0
2025-12-11T02:04:30.866147,0.14,0.855,0.995
2025-12-11T02:04:31.480482,0.145,0.855,1.0
2025-12-11T02:04:32.097060,0.145,0.855,1.0
2025-12-11T02:04:31.113374,0.14,0.86,1.0
2025-12-11T02:04:31.724545,0.15,0.85,1.0
2025-12-11T02:04:32.326547,0.15,0.85,1.0
2025-12-11T02:04:32.921864,0.15,0.85,1.0
2025-12-11T02:04:33.533808,0.145,0.855,1.0
2025-12-11T02:04:34.146156,0.16,0.84,1.0
2025-12-11T02:04:34.756406,0.165,0.835,1.0
2025-12-11T02:04:35.374480,0.165,0.835,1.0
2025-12-11T02:04:35.999648,0.165,0.835,1.0
2025-12-11T02:04:36.620315,0.155,0.845,1.0
2025-12-11T02:04:37.226036,0.165,0.835,1.0
2025-12-11T02:04:37.822645,0.175,0.825,1.0
2025-12-11T02:04:38.423367,0.175,0.825,1.0
2025-12-11T02:04:39.030110,0.175,0.825,1.0
2025-12-11T02:04:39.627845,0.185,0.815,1.0
2025-12-11T02:04:40.233459,0.185,0.815,1.0
2025-12-11T02:04:40.866698,0.185,0.815,1.0
2025-12-11T02:04:41.475521,0.185,0.815,1.0
2025-12-11T02:04:42.085200,0.195,0.805,1.0
2025-12-11T02:04:42.698255,0.205,0.795,1.0
2025-12-11T02:04:43.315525,0.225,0.765,0.99
2025-12-11T02:04:43.920405,0.24,0.76,1.0
2025-12-11T02:04:44.527228,0.245,0.76,1.005
2025-12-11T02:04:45.130650,0.235,0.765,1.0
2025-12-11T02:04:45.731232,0.235,0.765,1.0
2025-12-11T02:04:46.325958,0.235,0.765,1.0
2025-12-11T02:04:46.931544,0.235,0.765,1.0
2025-12-11T02:04:47.540051,0.235,0.765,1.0
2025-12-11T02:04:48.143581,0.235,0.765,1.0
2025-12-11T02:04:48.748501,0.24,0.765,1.005
2025-12-11T02:04:49.356520,0.245,0.755,1.0
2025-12-11T02:04:49.967991,0.245,0.765,1.01
2025-12-11T02:04:50.588104,0.245,0.755,1.0
2025-12-11T02:04:51.209069,0.245,0.755,1.0
2025-12-11T02:04:51.826502,0.245,0.765,1.01
2025-12-11T02:04:52.433756,0.255,0.745,1.0
2025-12-11T02:04:53.037823,0.27,0.73,1.0
2025-12-11T02:04:53.644436,0.27,0.73,1.0
2025-12-11T02:04:54.255027,0.275,0.725,1.0
2025-12-11T02:04:54.874399,0.295,0.705,1.0
2025-12-11T02:04:55.485691,0.295,0.705,1.0
2025-12-11T02:04:56.095278,0.295,0.705,1.0
2025-12-11T02:04:56.709120,0.325,0.675,1.0
2025-12-11T02:04:57.316535,0.335,0.665,1.0
2025-12-11T02:04:57.915338,0.345,0.655,1.0
2025-12-11T02:04:58.531058,0.375,0.625,1.0
2025-12-11T02:04:59.145708,0.38,0.62,1.0
2025-12-11T02:04:59.763855,0.365,0.64,1.005
2025-12-11T02:05:00.400312,0.335,0.665,1.0
2025-12-11T02:05:01.011547,0.335,0.665,1.0
2025-12-11T02:05:01.629511,0.335,0.665,1.0
2025-12-11T02:05:02.244341,0.335,0.665,1.0
2025-12-11T02:05:02.864120,0.315,0.685,1.0
2025-12-11T02:05:01.878373,0.315,0.685,1.0
2025-12-11T02:05:02.498621,0.315,0.685,1.0
2025-12-11T02:05:03.117396,0.315,0.685,1.0
2025-12-11T02:05:03.722278,0.3,0.7,1.0
2025-12-11T02:05:04.335091,0.3,0.7,1.0
2025-12-11T02:05:04.946373,0.3,0.7,1.0
2025-12-11T02:05:05.557508,0.28,0.72,1.0
2025-12-11T02:05:06.169958,0.275,0.725,1.0
2025-12-11T02:05:06.766792,0.26,0.74,1.0
2025-12-11T02:05:07.383383,0.255,0.745,1.0
2025-12-11T02:05:07.993258,0.265,0.735,1.0
2025-12-11T02:05:08.610412,0.265,0.735,1.0
2025-12-11T02:05:09.217355,0.27,0.73,1.0
2025-12-11T02:05:09.825575,0.27,0.73,1.0
2025-12-11T02:05:10.421398,0.27,0.73,1.0
2025-12-11T02:05:11.035304,0.27,0.73,1.0
2025-12-11T02:05:11.638970,0.27,0.73,1.0
2025-12-11T02:05:12.243868,0.27,0.73,1.0
2025-12-11T02:05:12.850317,0.27,0.73,1.0
2025-12-11T02:05:13.454184,0.27,0.73,1.0
2025-12-11T02:05:14.061359,0.26,0.74,1.0
2025-12-11T02:05:14.668196,0.255,0.745,1.0
2025-12-11T02:05:15.280963,0.255,0.745,1.0
2025-12-11T02:05:15.894514,0.255,0.745,1.0
2025-12-11T02:05:16.501831,0.28,0.72,1.0
2025-12-11T02:05:17.104387,0.28,0.72,1.0
2025-12-11T02:05:17.709034,0.285,0.715,1.0
2025-12-11T02:05:18.328698,0.28,0.72,1.0
2025-12-11T02:05:18.931543,0.285,0.715,1.0
2025-12-11T02:05:19.540399,0.28,0.72,1.0
2025-12-11T02:05:20.146494,0.28,0.72,1.0
2025-12-11T02:05:20.755235,0.285,0.715,1.0
2025-12-11T02:05:21.361753,0.28,0.72,1.0
2025-12-11T02:05:21.970365,0.28,0.72,1.0
2025-12-11T02:05:22.581461,0.28,0.72,1.0
2025-12-11T02:05:23.192983,0.28,0.72,1.0
2025-12-11T02:05:23.802984,0.285,0.715,1.0
2025-12-11T02:05:24.406897,0.295,0.705,1.0
2025-12-11T02:05:25.027059,0.3,0.7,1.0
2025-12-11T02:05:25.632945,0.305,0.695,1.0
2025-12-11T02:05:26.232619,0.295,0.705,1.0
2025-12-11T02:05:26.841314,0.27,0.73,1.0
2025-12-11T02:05:27.451691,0.27,0.73,1.0
2025-12-11T02:05:28.051265,0.27,0.73,1.0
2025-12-11T02:05:28.673237,0.27,0.73,1.0
2025-12-11T02:05:29.286320,0.27,0.73,1.0
2025-12-11T02:05:29.894359,0.27,0.73,1.0
2025-12-11T02:05:30.502699,0.255,0.745,1.0
2025-12-11T02:05:31.126711,0.26,0.735,0.995
2025-12-11T02:05:31.725638,0.255,0.75,1.005
2025-12-11T02:05:32.332683,0.245,0.755,1.0
2025-12-11T02:05:32.936688,0.25,0.75,1.0
2025-12-11T02:05:33.544531,0.25,0.75,1.0
2025-12-11T02:05:32.561599,0.25,0.75,1.0
2025-12-11T02:05:33.169050,0.25,0.75,1.0
2025-12-11T02:05:33.776558,0.25,0.75,1.0
2025-12-11T02:05:34.380325,0.25,0.75,1.0
2025-12-11T02:05:34.987368,0.25,0.75,1.0
2025-12-11T02:05:35.597795,0.245,0.755,1.0
2025-12-11T02:05:36.211024,0.24,0.76,1.0
2025-12-11T02:05:36.822280,0.235,0.765,1.0
2025-12-11T02:05:37.430715,0.24,0.76,1.0
2025-12-11T02:05:38.026017,0.245,0.765,1.01
2025-12-11T02:05:38.629534,0.235,0.765,1.0
2025-12-11T02:05:39.239942,0.235,0.765,1.0
2025-12-11T02:05:39.850396,0.235,0.765,1.0
2025-12-11T02:05:40.463484,0.235,0.765,1.0
2025-12-11T02:05:41.077548,0.235,0.765,1.0
2025-12-11T02:05:41.686319,0.235,0.765,1.0
2025-12-11T02:05:42.335765,0.235,0.765,1.0
2025-12-11T02:05:42.943814,0.235,0.765,1.0
2025-12-11T02:05:43.554162,0.235,0.755,0.99
2025-12-11T02:05:44.173611,0.245,0.755,1.0
2025-12-11T02:05:44.796214,0.24,0.76,1.0
2025-12-11T02:05:45.417367,0.235,0.765,1.0
2025-12-11T02:05:46.025326,0.235,0.765,1.0
2025-12-11T02:05:46.628606,0.24,0.76,1.0
2025-12-11T02:05:47.233341,0.245,0.755,1.0
2025-12-11T02:05:47.841112,0.245,0.755,1.0
2025-12-11T02:05:48.446652,0.245,0.755,1.0
2025-12-11T02:05:49.057303,0.24,0.76,1.0
2025-12-11T02:05:49.666443,0.245,0.755,1.0
2025-12-11T02:05:50.265281,0.255,0.745,1.0
2025-12-11T02:05:50.881600,0.26,0.74,1.0
2025-12-11T02:05:51.516866,0.26,0.74,1.0
2025-12-11T02:05:52.136164,0.26,0.74,1.0
2025-12-11T02:05:52.747351,0.26,0.74,1.0
2025-12-11T02:05:53.365991,0.265,0.735,1.0
2025-12-11T02:05:53.972481,0.265,0.735,1.0
2025-12-11T02:05:54.569359,0.265,0.735,1.0
2025-12-11T02:05:55.188575,0.245,0.755,1.0
2025-12-11T02:05:55.795929,0.25,0.75,1.0
2025-12-11T02:05:56.406037,0.255,0.75,1.005
2025-12-11T02:05:57.022353,0.25,0.75,1.0
2025-12-11T02:05:57.634580,0.25,0.75,1.0
2025-12-11T02:05:58.238297,0.255,0.745,1.0
2025-12-11T02:05:58.887562,0.255,0.745,1.0
2025-12-11T02:05:59.497582,0.255,0.745,1.0
2025-12-11T02:06:00.122506,0.255,0.745,1.0
2025-12-11T02:06:00.727248,0.255,0.745,1.0
2025-12-11T02:06:01.342953,0.25,0.75,1.0
2025-12-11T02:06:02.020303,0.25,0.75,1.0
2025-12-11T02:06:02.627609,0.25,0.75,1.0
2025-12-11T02:06:03.231947,0.265,0.735,1.0
2025-12-11T02:06:03.847019,0.275,0.725,1.0
2025-12-11T02:06:02.803174,0.285,0.715,1.0
2025-12-11T02:06:03.422441,0.295,0.705,1.0
2025-12-11T02:06:04.025153,0.295,0.71,1.005
2025-12-11T02:06:04.634491,0.295,0.705,1.0
2025-12-11T02:06:05.255822,0.315,0.685,1.0
2025-12-11T02:06:05.865693,0.305,0.695,1.0
2025-12-11T02:06:06.459425,0.29,0.71,1.0
2025-12-11T02:06:07.075213,0.285,0.715,1.0
2025-12-11T02:06:07.683832,0.295,0.705,1.0
2025-12-11T02:06:08.290114,0.31,0.69,1.0
2025-12-11T02:06:08.900906,0.305,0.695,1.0
2025-12-11T02:06:09.516240,0.305,0.695,1.0
2025-12-11T02:06:10.126936,0.315,0.685,1.0
2025-12-11T02:06:10.739009,0.325,0.675,1.0
2025-12-11T02:06:11.349873,0.32,0.68,1.0
2025-12-11T02:06:11.967885,0.325,0.675,1.0
2025-12-11T02:06:12.581571,0.325,0.675,1.0
2025-12-11T02:06:13.187204,0.325,0.675,1.0
2025-12-11T02:06:13.807762,0.325,0.675,1.0
2025-12-11T02:06:14.439847,0.325,0.685,1.01
2025-12-11T02:06:15.058676,0.32,0.68,1.0
2025-12-11T02:06:15.660931,0.325,0.675,1.0
2025-12-11T02:06:16.278043,0.335,0.665,1.0
2025-12-11T02:06:16.876917,0.335,0.665,1.0
2025-12-11T02:06:17.481973,0.345,0.655,1.0
2025-12-11T02:06:18.097590,0.37,0.625,0.995
2025-12-11T02:06:18.708148,0.375,0.625,1.0
2025-12-11T02:06:19.333956,0.395,0.605,1.0
2025-12-11T02:06:19.960799,0.395,0.605,1.0
2025-12-11T02:06:20.584212,0.36,0.655,1.0150000000000001
2025-12-11T02:06:21.203257,0.35,0.65,1.0
2025-12-11T02:06:21.813029,0.365,0.635,1.0
2025-12-11T02:06:22.430126,0.375,0.625,1.0
2025-12-11T02:06:23.047463,0.375,0.625,1.0
2025-12-11T02:06:23.666075,0.395,0.605,1.0
2025-12-11T02:06:24.278255,0.395,0.605,1.0
2025-12-11T02:06:24.877049,0.395,0.605,1.0
2025-12-11T02:06:25.492390,0.395,0.605,1.0
2025-12-11T02:06:26.116059,0.395,0.605,1.0
2025-12-11T02:06:26.730736,0.39,0.61,1.0
2025-12-11T02:06:27.343393,0.39,0.61,1.0
2025-12-11T02:06:27.956281,0.395,0.605,1.0
2025-12-11T02:06:28.574043,0.395,0.605,1.0
2025-12-11T02:06:29.175683,0.39,0.6,0.99
2025-12-11T02:06:29.791735,0.39,0.615,1.005
2025-12-11T02:06:30.409004,0.375,0.625,1.0
2025-12-11T02:06:31.013647,0.365,0.635,1.0
2025-12-11T02:06:31.623956,0.38,0.62,1.0
2025-12-11T02:06:32.239658,0.39,0.61,1.0
2025-12-11T02:06:32.851676,0.395,0.605,1.0
2025-12-11T02:06:33.462577,0.405,0.595,1.0
2025-12-11T02:06:34.077781,0.405,0.595,1.0
2025-12-11T02:06:34.731857,0.405,0.595,1.0
2025-12-11T02:06:33.724622,0.415,0.59,1.005
2025-12-11T02:06:34.336230,0.42,0.58,1.0
2025-12-11T02:06:34.953075,0.42,0.58,1.0
2025-12-11T02:06:35.558645,0.405,0.595,1.0
2025-12-11T02:06:36.155718,0.395,0.605,1.0
2025-12-11T02:06:36.751501,0.4,0.6,1.0
2025-12-11T02:06:37.358906,0.4,0.6,1.0
2025-12-11T02:06:37.962243,0.415,0.585,1.0
2025-12-11T02:06:38.566596,0.425,0.575,1.0
2025-12-11T02:06:39.179145,0.435,0.565,1.0
2025-12-11T02:06:39.784706,0.435,0.565,1.0
2025-12-11T02:06:40.386047,0.46,0.54,1.0
2025-12-11T02:06:40.989228,0.46,0.54,1.0
2025-12-11T02:06:41.586622,0.465,0.535,1.0
2025-12-11T02:06:42.182240,0.445,0.555,1.0
2025-12-11T02:06:42.813805,0.415,0.585,1.0
2025-12-11T02:06:43.420859,0.41,0.59,1.0
2025-12-11T02:06:44.028872,0.405,0.59,0.995
2025-12-11T02:06:44.633148,0.395,0.605,1.0
2025-12-11T02:06:45.232738,0.395,0.605,1.0
2025-12-11T02:06:45.854012,0.395,0.605,1.0
2025-12-11T02:06:46.449643,0.395,0.605,1.0
2025-12-11T02:06:47.056690,0.395,0.605,1.0
2025-12-11T02:06:47.668014,0.4,0.6,1.0
2025-12-11T02:06:48.263276,0.405,0.595,1.0
2025-12-11T02:06:48.871665,0.405,0.595,1.0
2025-12-11T02:06:49.496997,0.415,0.585,1.0
2025-12-11T02:06:50.105144,0.415,0.585,1.0
2025-12-11T02:06:50.722886,0.415,0.585,1.0
2025-12-11T02:06:51.320917,0.395,0.605,1.0
2025-12-11T02:06:51.930324,0.385,0.615,1.0
2025-12-11T02:06:52.543195,0.38,0.625,1.005
2025-12-11T02:06:53.160313,0.375,0.625,1.0
2025-12-11T02:06:53.758285,0.39,0.61,1.0
2025-12-11T02:06:54.362100,0.385,0.615,1.0
2025-12-11T02:06:54.968931,0.395,0.605,1.0
2025-12-11T02:06:55.577178,0.395,0.605,1.0
2025-12-11T02:06:56.195097,0.415,0.59,1.005
2025-12-11T02:06:56.802874,0.415,0.585,1.0
2025-12-11T02:06:57.414879,0.395,0.605,1.0
2025-12-11T02:06:58.019719,0.385,0.615,1.0
2025-12-11T02:06:58.631177,0.375,0.625,1.0
2025-12-11T02:06:59.244903,0.365,0.635,1.0
2025-12-11T02:06:59.863501,0.365,0.635,1.0
2025-12-11T02:07:00.471061,0.365,0.635,1.0
2025-12-11T02:07:01.074726,0.365,0.635,1.0
2025-12-11T02:07:01.683658,0.365,0.635,1.0
2025-12-11T02:07:02.294061,0.38,0.62,1.0
2025-12-11T02:07:02.900734,0.395,0.61,1.005
2025-12-11T02:07:03.507673,0.405,0.59,0.995
2025-12-11T02:07:04.113180,0.405,0.6,1.005
2025-12-11T02:07:04.723385,0.395,0.605,1.0
2025-12-11T02:07:05.328292,0.395,0.595,0.99
2025-12-11T02:07:04.354604,0.39,0.61,1.0
2025-12-11T02:07:04.961600,0.39,0.61,1.0
2025-12-11T02:07:05.567355,0.39,0.61,1.0
2025-12-11T02:07:06.176184,0.38,0.62,1.0
2025-12-11T02:07:06.782123,0.365,0.635,1.0
2025-12-11T02:07:07.395267,0.335,0.665,1.0
2025-12-11T02:07:07.998933,0.335,0.665,1.0
2025-12-11T02:07:08.637364,0.335,0.665,1.0
2025-12-11T02:07:09.239500,0.335,0.665,1.0
2025-12-11T02:07:09.836332,0.335,0.665,1.0
2025-12-11T02:07:10.439829,0.33,0.675,1.0050000000000001
2025-12-11T02:07:11.035572,0.325,0.675,1.0
2025-12-11T02:07:11.647465,0.325,0.675,1.0
2025-12-11T02:07:12.252274,0.325,0.675,1.0
2025-12-11T02:07:12.857766,0.325,0.675,1.0
2025-12-11T02:07:13.460985,0.34,0.665,1.0050000000000001
2025-12-11T02:07:14.071769,0.335,0.665,1.0
2025-12-11T02:07:14.705867,0.335,0.665,1.0
2025-12-11T02:07:15.315107,0.34,0.66,1.0
2025-12-11T02:07:15.914820,0.335,0.665,1.0
2025-12-11T02:07:16.520777,0.335,0.665,1.0
2025-12-11T02:07:17.136716,0.355,0.645,1.0
2025-12-11T02:07:17.791862,0.35,0.65,1.0
2025-12-11T02:07:18.389647,0.35,0.65,1.0
2025-12-11T02:07:18.997445,0.345,0.655,1.0
2025-12-11T02:07:19.602146,0.325,0.675,1.0
2025-12-11T02:07:20.212772,0.325,0.675,1.0
2025-12-11T02:07:20.823212,0.315,0.685,1.0
2025-12-11T02:07:21.432288,0.305,0.695,1.0
2025-12-11T02:07:22.038159,0.305,0.695,1.0
2025-12-11T02:07:22.655922,0.31,0.685,0.9950000000000001
2025-12-11T02:07:23.261224,0.31,0.69,1.0
2025-12-11T02:07:23.871324,0.305,0.695,1.0
2025-12-11T02:07:24.486341,0.3,0.7,1.0
2025-12-11T02:07:25.093376,0.3,0.7,1.0
2025-12-11T02:07:25.694114,0.305,0.695,1.0
2025-12-11T02:07:26.299633,0.295,0.705,1.0
2025-12-11T02:07:26.904533,0.295,0.705,1.0
2025-12-11T02:07:27.513153,0.295,0.705,1.0
2025-12-11T02:07:28.125715,0.295,0.705,1.0
2025-12-11T02:07:28.734794,0.295,0.705,1.0
2025-12-11T02:07:29.334176,0.295,0.705,1.0
2025-12-11T02:07:29.940646,0.295,0.705,1.0
2025-12-11T02:07:30.553199,0.285,0.715,1.0
2025-12-11T02:07:31.162481,0.285,0.715,1.0
2025-12-11T02:07:31.771878,0.275,0.725,1.0
2025-12-11T02:07:32.394207,0.275,0.725,1.0
2025-12-11T02:07:33.003502,0.265,0.735,1.0
2025-12-11T02:07:33.603612,0.265,0.735,1.0
2025-12-11T02:07:34.219635,0.265,0.735,1.0
2025-12-11T02:07:34.829184,0.265,0.735,1.0
2025-12-11T02:07:35.432709,0.255,0.745,1.0
2025-12-11T02:07:36.041400,0.265,0.74,1.005
2025-12-11T02:07:35.058222,0.255,0.74,0.995
2025-12-11T02:07:35.664045,0.255,0.745,1.0
2025-12-11T02:07:36.267852,0.255,0.745,1.0
2025-12-11T02:07:36.865104,0.255,0.745,1.0
2025-12-11T02:07:37.480161,0.255,0.745,1.0
2025-12-11T02:07:38.082317,0.255,0.745,1.0
2025-12-11T02:07:38.692972,0.25,0.75,1.0
2025-12-11T02:07:39.298862,0.25,0.75,1.0
2025-12-11T02:07:39.911770,0.255,0.745,1.0
2025-12-11T02:07:40.520641,0.27,0.73,1.0
2025-12-11T02:07:41.156714,0.27,0.73,1.0
2025-12-11T02:07:41.763277,0.265,0.735,1.0
2025-12-11T02:07:42.378415,0.265,0.735,1.0
2025-12-11T02:07:42.983512,0.27,0.73,1.0
2025-12-11T02:07:43.594074,0.275,0.725,1.0
2025-12-11T02:07:44.198224,0.28,0.72,1.0
2025-12-11T02:07:44.804529,0.285,0.715,1.0
2025-12-11T02:07:45.415474,0.29,0.72,1.01
2025-12-11T02:07:46.019721,0.275,0.725,1.0
2025-12-11T02:07:46.630950,0.28,0.72,1.0
2025-12-11T02:07:47.241102,0.285,0.715,1.0
2025-12-11T02:07:47.845695,0.28,0.72,1.0
2025-12-11T02:07:48.471382,0.265,0.735,1.0
2025-12-11T02:07:49.075898,0.245,0.755,1.0
2025-12-11T02:07:49.685879,0.25,0.75,1.0
2025-12-11T02:07:50.295434,0.25,0.75,1.0
2025-12-11T02:07:50.906487,0.25,0.75,1.0
2025-12-11T02:07:51.514744,0.255,0.745,1.0
2025-12-11T02:07:52.121832,0.255,0.745,1.0
2025-12-11T02:07:52.735714,0.255,0.745,1.0
2025-12-11T02:07:53.349020,0.255,0.745,1.0
2025-12-11T02:07:53.955522,0.255,0.745,1.0
2025-12-11T02:07:54.548683,0.255,0.745,1.0
2025-12-11T02:07:55.158805,0.27,0.73,1.0
2025-12-11T02:07:55.770663,0.27,0.73,1.0
2025-12-11T02:07:56.371600,0.27,0.73,1.0
2025-12-11T02:07:56.984737,0.255,0.745,1.0
2025-12-11T02:07:57.590187,0.255,0.745,1.0
2025-12-11T02:07:58.208103,0.26,0.74,1.0
2025-12-11T02:07:58.812268,0.26,0.74,1.0
2025-12-11T02:07:59.406924,0.26,0.74,1.0
2025-12-11T02:08:00.009528,0.26,0.74,1.0
2025-12-11T02:08:00.618645,0.255,0.755,1.01
2025-12-11T02:08:01.228910,0.245,0.755,1.0
2025-12-11T02:08:01.826390,0.225,0.775,1.0
2025-12-11T02:08:02.516067,0.22,0.78,1.0
2025-12-11T02:08:03.124989,0.215,0.785,1.0
2025-12-11T02:08:03.745556,0.205,0.795,1.0
2025-12-11T02:08:04.347321,0.205,0.79,0.995
2025-12-11T02:08:04.957657,0.215,0.785,1.0
2025-12-11T02:08:05.564132,0.215,0.785,1.0
2025-12-11T02:08:06.175930,0.215,0.785,1.0
2025-12-11T02:08:06.781959,0.25,0.75,1.0
2025-12-11T02:08:05.769994,0.225,0.775,1.0
2025-12-11T02:08:06.380144,0.225,0.775,1.0
2025-12-11T02:08:06.998741,0.225,0.775,1.0
2025-12-11T02:08:07.605723,0.225,0.775,1.0
2025-12-11T02:08:08.213739,0.23,0.77,1.0
2025-12-11T02:08:08.812204,0.225,0.775,1.0
2025-12-11T02:08:09.409619,0.22,0.78,1.0
2025-12-11T02:08:10.005062,0.22,0.78,1.0
2025-12-11T02:08:10.620420,0.22,0.78,1.0
2025-12-11T02:08:11.229260,0.22,0.78,1.0
2025-12-11T02:08:11.829652,0.22,0.78,1.0
2025-12-11T02:08:12.431055,0.22,0.78,1.0
2025-12-11T02:08:13.034930,0.215,0.785,1.0
2025-12-11T02:08:13.645277,0.205,0.795,1.0
2025-12-11T02:08:14.245724,0.195,0.805,1.0
2025-12-11T02:08:14.848014,0.195,0.805,1.0
2025-12-11T02:08:15.454242,0.195,0.805,1.0
2025-12-11T02:08:16.052186,0.195,0.805,1.0
2025-12-11T02:08:16.656547,0.195,0.805,1.0
2025-12-11T02:08:17.259348,0.195,0.805,1.0
2025-12-11T02:08:17.862489,0.195,0.805,1.0
2025-12-11T02:08:18.478035,0.195,0.805,1.0
2025-12-11T02:08:19.095533,0.215,0.785,1.0
2025-12-11T02:08:19.697867,0.22,0.78,1.0
2025-12-11T02:08:20.300016,0.21,0.79,1.0
2025-12-11T02:08:20.903569,0.21,0.79,1.0
2025-12-11T02:08:21.516930,0.21,0.79,1.0
2025-12-11T02:08:22.154085,0.205,0.795,1.0
2025-12-11T02:08:22.753016,0.205,0.78,0.985
2025-12-11T02:08:23.358394,0.225,0.775,1.0
2025-12-11T02:08:23.970418,0.245,0.755,1.0
2025-12-11T02:08:24.583802,0.225,0.775,1.0
2025-12-11T02:08:25.227259,0.22,0.785,1.0050000000000001
2025-12-11T02:08:25.861717,0.215,0.785,1.0
2025-12-11T02:08:26.472065,0.215,0.785,1.0
2025-12-11T02:08:27.078011,0.215,0.785,1.0
2025-12-11T02:08:27.756650,0.215,0.785,1.0
2025-12-11T02:08:28.359780,0.215,0.785,1.0
2025-12-11T02:08:28.960950,0.215,0.785,1.0
2025-12-11T02:08:29.561506,0.215,0.785,1.0
2025-12-11T02:08:30.173181,0.215,0.785,1.0
2025-12-11T02:08:30.789046,0.215,0.785,1.0
2025-12-11T02:08:31.395488,0.215,0.785,1.0
2025-12-11T02:08:32.004686,0.22,0.78,1.0
2025-12-11T02:08:32.616156,0.22,0.78,1.0
2025-12-11T02:08:33.213838,0.225,0.775,1.0
2025-12-11T02:08:33.825452,0.225,0.775,1.0
2025-12-11T02:08:34.438364,0.22,0.78,1.0
2025-12-11T02:08:35.045629,0.225,0.775,1.0
2025-12-11T02:08:35.650117,0.22,0.78,1.0
2025-12-11T02:08:36.259069,0.225,0.775,1.0
2025-12-11T02:08:36.862895,0.225,0.775,1.0
2025-12-11T02:08:37.476133,0.215,0.785,1.0
2025-12-11T02:08:36.470986,0.215,0.785,1.0
2025-12-11T02:08:37.087979,0.22,0.78,1.0
2025-12-11T02:08:37.707778,0.215,0.785,1.0
2025-12-11T02:08:38.315815,0.215,0.785,1.0
2025-12-11T02:08:38.962243,0.215,0.785,1.0
2025-12-11T02:08:39.568282,0.235,0.765,1.0
2025-12-11T02:08:40.167217,0.235,0.765,1.0
2025-12-11T02:08:40.784716,0.235,0.775,1.01
2025-12-11T02:08:41.389330,0.215,0.785,1.0
2025-12-11T02:08:42.008909,0.215,0.785,1.0
2025-12-11T02:08:42.613785,0.215,0.785,1.0
2025-12-11T02:08:43.217945,0.205,0.795,1.0
2025-12-11T02:08:43.821437,0.19,0.81,1.0
2025-12-11T02:08:44.430231,0.185,0.815,1.0
2025-12-11T02:08:45.036592,0.185,0.815,1.0
2025-12-11T02:08:45.634400,0.185,0.82,1.005
2025-12-11T02:08:46.241392,0.175,0.825,1.0
2025-12-11T02:08:46.854335,0.175,0.825,1.0
2025-12-11T02:08:47.465309,0.18,0.82,1.0
2025-12-11T02:08:48.082266,0.185,0.815,1.0
2025-12-11T02:08:48.695684,0.18,0.82,1.0
2025-12-11T02:08:49.298280,0.175,0.825,1.0
2025-12-11T02:08:49.934777,0.175,0.825,1.0
2025-12-11T02:08:50.542862,0.175,0.825,1.0
2025-12-11T02:08:51.143983,0.175,0.825,1.0
2025-12-11T02:08:51.750200,0.175,0.825,1.0
2025-12-11T02:08:52.359508,0.165,0.835,1.0
2025-12-11T02:08:52.972249,0.155,0.845,1.0
2025-12-11T02:08:53.577033,0.155,0.845,1.0
2025-12-11T02:08:54.184782,0.155,0.845,1.0
2025-12-11T02:08:54.791181,0.155,0.845,1.0
2025-12-11T02:08:55.397615,0.165,0.835,1.0
2025-12-11T02:08:56.008333,0.165,0.835,1.0
2025-12-11T02:08:56.614695,0.165,0.835,1.0
2025-12-11T02:08:57.217842,0.165,0.835,1.0
2025-12-11T02:08:57.827050,0.165,0.835,1.0
2025-12-11T02:08:58.442986,0.175,0.825,1.0
2025-12-11T02:08:59.048599,0.17,0.83,1.0
2025-12-11T02:08:59.662087,0.17,0.83,1.0
2025-12-11T02:09:00.274992,0.175,0.825,1.0
2025-12-11T02:09:00.875026,0.175,0.825,1.0
2025-12-11T02:09:01.480617,0.175,0.825,1.0
2025-12-11T02:09:02.089814,0.19,0.805,0.9950000000000001
2025-12-11T02:09:02.688984,0.195,0.81,1.0050000000000001
2025-12-11T02:09:03.299280,0.205,0.805,1.01
2025-12-11T02:09:03.902473,0.195,0.805,1.0
2025-12-11T02:09:04.516434,0.195,0.805,1.0
2025-12-11T02:09:05.115179,0.185,0.815,1.0
2025-12-11T02:09:05.719565,0.185,0.815,1.0
2025-12-11T02:09:06.334979,0.185,0.815,1.0
2025-12-11T02:09:06.945289,0.175,0.825,1.0
2025-12-11T02:09:07.552769,0.175,0.825,1.0
2025-12-11T02:09:08.147402,0.165,0.835,1.0
2025-12-11T02:09:07.163466,0.165,0.835,1.0
2025-12-11T02:09:07.769137,0.165,0.835,1.0
2025-12-11T02:09:08.381466,0.165,0.835,1.0
2025-12-11T02:09:08.997417,0.165,0.835,1.0
2025-12-11T02:09:09.602285,0.165,0.835,1.0
2025-12-11T02:09:10.203579,0.165,0.835,1.0
2025-12-11T02:09:10.802061,0.165,0.835,1.0
2025-12-11T02:09:11.408098,0.165,0.835,1.0
2025-12-11T02:09:12.012815,0.165,0.835,1.0
2025-12-11T02:09:12.616838,0.165,0.835,1.0
2025-12-11T02:09:13.227887,0.165,0.835,1.0
2025-12-11T02:09:13.847415,0.165,0.835,1.0
2025-12-11T02:09:14.451969,0.165,0.835,1.0
2025-12-11T02:09:15.062496,0.185,0.815,1.0
2025-12-11T02:09:15.670169,0.185,0.815,1.0
2025-12-11T02:09:16.271425,0.185,0.815,1.0
2025-12-11T02:09:16.877319,0.165,0.835,1.0
2025-12-11T02:09:17.478969,0.155,0.845,1.0
2025-12-11T02:09:18.077298,0.155,0.845,1.0
2025-12-11T02:09:18.692895,0.155,0.845,1.0
2025-12-11T02:09:19.293077,0.155,0.845,1.0
2025-12-11T02:09:19.899059,0.145,0.855,1.0
2025-12-11T02:09:20.504513,0.145,0.865,1.01
2025-12-11T02:09:21.108771,0.135,0.865,1.0
2025-12-11T02:09:21.709291,0.125,0.875,1.0
2025-12-11T02:09:22.315389,0.125,0.875,1.0
2025-12-11T02:09:22.931031,0.125,0.875,1.0
2025-12-11T02:09:23.537839,0.125,0.875,1.0
2025-12-11T02:09:24.143515,0.125,0.875,1.0
2025-12-11T02:09:24.747935,0.12,0.88,1.0
2025-12-11T02:09:25.362973,0.115,0.885,1.0
2025-12-11T02:09:25.971476,0.115,0.885,1.0
2025-12-11T02:09:26.589583,0.105,0.895,1.0
2025-12-11T02:09:27.200275,0.105,0.895,1.0
2025-12-11T02:09:27.814967,0.095,0.905,1.0
2025-12-11T02:09:28.423852,0.095,0.905,1.0
2025-12-11T02:09:29.029533,0.095,0.905,1.0
2025-12-11T02:09:29.649948,0.095,0.905,1.0
2025-12-11T02:09:30.264554,0.095,0.905,1.0
2025-12-11T02:09:30.870709,0.095,0.905,1.0
2025-12-11T02:09:31.478634,0.095,0.905,1.0
2025-12-11T02:09:32.086415,0.095,0.905,1.0
2025-12-11T02:09:32.691611,0.09,0.915,1.0050000000000001
2025-12-11T02:09:33.304927,0.085,0.91,0.995
2025-12-11T02:09:33.906268,0.085,0.915,1.0
2025-12-11T02:09:34.509312,0.09,0.91,1.0
2025-12-11T02:09:35.114417,0.09,0.91,1.0
2025-12-11T02:09:35.734351,0.095,0.905,1.0
2025-12-11T02:09:36.337650,0.09,0.91,1.0
2025-12-11T02:09:36.955031,0.095,0.905,1.0
2025-12-11T02:09:37.566928,0.095,0.905,1.0
2025-12-11T02:09:38.180527,0.095,0.905,1.0
2025-12-11T02:09:38.791943,0.095,0.905,1.0
2025-12-11T02:09:37.826618,0.095,0.905,1.0
2025-12-11T02:09:38.435849,0.095,0.905,1.0
2025-12-11T02:09:39.045817,0.095,0.905,1.0
2025-12-11T02:09:39.663348,0.095,0.905,1.0
2025-12-11T02:09:40.281390,0.085,0.915,1.0
2025-12-11T02:09:40.889879,0.095,0.905,1.0
2025-12-11T02:09:41.499729,0.095,0.905,1.0
2025-12-11T02:09:42.101560,0.095,0.905,1.0
2025-12-11T02:09:42.700864,0.095,0.905,1.0
2025-12-11T02:09:43.303689,0.095,0.905,1.0
2025-12-11T02:09:43.910189,0.095,0.905,1.0
2025-12-11T02:09:44.520043,0.095,0.905,1.0
2025-12-11T02:09:45.127461,0.095,0.905,1.0
2025-12-11T02:09:45.730080,0.095,0.905,1.0
2025-12-11T02:09:46.339285,0.095,0.905,1.0
2025-12-11T02:09:46.946392,0.095,0.905,1.0
2025-12-11T02:09:47.616551,0.095,0.905,1.0
2025-12-11T02:09:48.238412,0.105,0.895,1.0
2025-12-11T02:09:48.841741,0.105,0.895,1.0
2025-12-11T02:09:49.448943,0.105,0.895,1.0
2025-12-11T02:09:50.056008,0.105,0.895,1.0
2025-12-11T02:09:50.651659,0.115,0.885,1.0
2025-12-11T02:09:51.261912,0.105,0.895,1.0
2025-12-11T02:09:51.871337,0.105,0.895,1.0
2025-12-11T02:09:52.479766,0.105,0.895,1.0
2025-12-11T02:09:53.096110,0.105,0.895,1.0
2025-12-11T02:09:53.704382,0.105,0.895,1.0
2025-12-11T02:09:54.323142,0.105,0.895,1.0
2025-12-11T02:09:54.937942,0.095,0.905,1.0
2025-12-11T02:09:55.543325,0.095,0.905,1.0
2025-12-11T02:09:56.150777,0.095,0.905,1.0
2025-12-11T02:09:56.758149,0.095,0.905,1.0
2025-12-11T02:09:57.376262,0.11,0.89,1.0
2025-12-11T02:09:57.987327,0.115,0.885,1.0
2025-12-11T02:09:58.595792,0.115,0.885,1.0
2025-12-11T02:09:59.204878,0.115,0.885,1.0
2025-12-11T02:09:59.827756,0.115,0.885,1.0
2025-12-11T02:10:00.435244,0.14,0.86,1.0
2025-12-11T02:10:01.046374,0.145,0.855,1.0
2025-12-11T02:10:01.654157,0.155,0.845,1.0
2025-12-11T02:10:02.272213,0.15,0.85,1.0
2025-12-11T02:10:02.874076,0.155,0.845,1.0
2025-12-11T02:10:03.482446,0.145,0.855,1.0
2025-12-11T02:10:04.084084,0.125,0.875,1.0
2025-12-11T02:10:04.692113,0.125,0.875,1.0
2025-12-11T02:10:05.302111,0.125,0.875,1.0
2025-12-11T02:10:05.909465,0.125,0.875,1.0
2025-12-11T02:10:06.538051,0.105,0.9,1.0050000000000001
2025-12-11T02:10:07.159796,0.095,0.905,1.0
2025-12-11T02:10:07.768949,0.095,0.905,1.0
2025-12-11T02:10:08.379121,0.095,0.905,1.0
2025-12-11T02:10:08.986624,0.085,0.915,1.0
2025-12-11T02:10:07.992241,0.075,0.925,1.0
2025-12-11T02:10:08.627419,0.075,0.925,1.0
2025-12-11T02:10:09.233549,0.075,0.925,1.0
2025-12-11T02:10:09.845775,0.075,0.925,1.0
2025-12-11T02:10:10.455839,0.075,0.925,1.0
2025-12-11T02:10:11.068783,0.075,0.925,1.0
2025-12-11T02:10:11.672990,0.075,0.925,1.0
2025-12-11T02:10:12.281005,0.075,0.925,1.0
2025-12-11T02:10:12.886724,0.075,0.925,1.0
2025-12-11T02:10:13.495279,0.075,0.925,1.0
2025-12-11T02:10:14.097135,0.075,0.925,1.0
2025-12-11T02:10:14.699539,0.075,0.925,1.0
2025-12-11T02:10:15.302944,0.075,0.925,1.0
2025-12-11T02:10:15.905758,0.075,0.925,1.0
2025-12-11T02:10:16.509470,0.085,0.915,1.0
2025-12-11T02:10:17.119107,0.085,0.915,1.0
2025-12-11T02:10:17.737393,0.085,0.915,1.0
2025-12-11T02:10:18.340552,0.085,0.915,1.0
2025-12-11T02:10:18.938636,0.085,0.915,1.0
2025-12-11T02:10:19.541606,0.085,0.915,1.0
2025-12-11T02:10:20.146959,0.085,0.93,1.0150000000000001
2025-12-11T02:10:20.753919,0.065,0.935,1.0
2025-12-11T02:10:21.367093,0.065,0.935,1.0
2025-12-11T02:10:21.981566,0.065,0.935,1.0
2025-12-11T02:10:22.586708,0.065,0.935,1.0
2025-12-11T02:10:23.195121,0.065,0.935,1.0
2025-12-11T02:10:23.805115,0.065,0.935,1.0
2025-12-11T02:10:24.409085,0.045,0.955,1.0
2025-12-11T02:10:25.024167,0.045,0.955,1.0
2025-12-11T02:10:25.634270,0.045,0.955,1.0
2025-12-11T02:10:26.240598,0.045,0.955,1.0
2025-12-11T02:10:26.846479,0.035,0.965,1.0
2025-12-11T02:10:27.456111,0.035,0.965,1.0
2025-12-11T02:10:28.061909,0.035,0.965,1.0
2025-12-11T02:10:28.669945,0.04,0.96,1.0
2025-12-11T02:10:29.289597,0.04,0.96,1.0
2025-12-11T02:10:29.897674,0.045,0.955,1.0
2025-12-11T02:10:30.510315,0.035,0.965,1.0
2025-12-11T02:10:31.123188,0.04,0.96,1.0
2025-12-11T02:10:31.731479,0.04,0.96,1.0
2025-12-11T02:10:32.336083,0.04,0.96,1.0
2025-12-11T02:10:32.946899,0.045,0.955,1.0
2025-12-11T02:10:33.543826,0.045,0.955,1.0
2025-12-11T02:10:34.148914,0.045,0.955,1.0
2025-12-11T02:10:34.761951,0.04,0.965,1.005
2025-12-11T02:10:35.370121,0.035,0.965,1.0
2025-12-11T02:10:35.982073,0.035,0.965,1.0
2025-12-11T02:10:36.594214,0.035,0.965,1.0
2025-12-11T02:10:37.205723,0.035,0.965,1.0
2025-12-11T02:10:37.814275,0.025,0.975,1.0
2025-12-11T02:10:38.429103,0.025,0.975,1.0
2025-12-11T02:10:39.043042,0.035,0.965,1.0
2025-12-11T02:10:39.646390,0.035,0.96,0.995
2025-12-11T02:10:38.657792,0.04,0.96,1.0
2025-12-11T02:10:39.265496,0.035,0.965,1.0
2025-12-11T02:10:39.880146,0.045,0.955,1.0
2025-12-11T02:10:40.494816,0.045,0.955,1.0
2025-12-11T02:10:41.109726,0.045,0.955,1.0
2025-12-11T02:10:41.732936,0.045,0.955,1.0
2025-12-11T02:10:42.365014,0.04,0.96,1.0
2025-12-11T02:10:42.965277,0.035,0.965,1.0
2025-12-11T02:10:43.584347,0.04,0.96,1.0
2025-12-11T02:10:44.198348,0.04,0.96,1.0
2025-12-11T02:10:44.812735,0.045,0.955,1.0
2025-12-11T02:10:45.438354,0.045,0.955,1.0
2025-12-11T02:10:46.046984,0.04,0.96,1.0
2025-12-11T02:10:46.641678,0.035,0.965,1.0
2025-12-11T02:10:47.251037,0.025,0.975,1.0
2025-12-11T02:10:47.862467,0.025,0.975,1.0
2025-12-11T02:10:48.465240,0.025,0.975,1.0
2025-12-11T02:10:49.066870,0.025,0.975,1.0
2025-12-11T02:10:49.674442,0.025,0.975,1.0
2025-12-11T02:10:50.292312,0.025,0.965,0.99
2025-12-11T02:10:50.898471,0.035,0.965,1.0
2025-12-11T02:10:51.502532,0.035,0.965,1.0
2025-12-11T02:10:52.111474,0.035,0.965,1.0
2025-12-11T02:10:52.719300,0.035,0.965,1.0
2025-12-11T02:10:53.338129,0.035,0.965,1.0
2025-12-11T02:10:53.953029,0.035,0.965,1.0
2025-12-11T02:10:54.556925,0.035,0.965,1.0
2025-12-11T02:10:55.168213,0.035,0.965,1.0
2025-12-11T02:10:56.012766,0.035,0.965,1.0
2025-12-11T02:10:56.627688,0.035,0.965,1.0
2025-12-11T02:10:57.233091,0.035,0.965,1.0
2025-12-11T02:10:57.841888,0.035,0.965,1.0
2025-12-11T02:10:58.484207,0.035,0.965,1.0
2025-12-11T02:10:59.094601,0.04,0.96,1.0
2025-12-11T02:10:59.705248,0.04,0.96,1.0
2025-12-11T02:11:00.301064,0.035,0.965,1.0
2025-12-11T02:11:00.909212,0.025,0.975,1.0
2025-12-11T02:11:01.525490,0.025,0.975,1.0
2025-12-11T02:11:02.139344,0.025,0.975,1.0
2025-12-11T02:11:02.746926,0.045,0.955,1.0
2025-12-11T02:11:03.346533,0.035,0.965,1.0
2025-12-11T02:11:03.953027,0.035,0.965,1.0
2025-12-11T02:11:04.561696,0.035,0.965,1.0
2025-12-11T02:11:05.166821,0.025,0.975,1.0
2025-12-11T02:11:05.766632,0.025,0.975,1.0
2025-12-11T02:11:06.365179,0.025,0.975,1.0
2025-12-11T02:11:06.972109,0.025,0.975,1.0
2025-12-11T02:11:07.572668,0.025,0.975,1.0
2025-12-11T02:11:08.177547,0.025,0.975,1.0
2025-12-11T02:11:08.783440,0.025,0.975,1.0
2025-12-11T02:11:09.382965,0.025,0.975,1.0
2025-12-11T02:11:09.992089,0.025,0.975,1.0
2025-12-11T02:11:10.596891,0.025,0.975,1.0
2025-12-11T02:11:09.605749,0.025,0.975,1.0
2025-12-11T02:11:10.211520,0.025,0.975,1.0
2025-12-11T02:11:10.841619,0.025,0.975,1.0
2025-12-11T02:11:11.447831,0.025,0.975,1.0
2025-12-11T02:11:12.052903,0.025,0.975,1.0
2025-12-11T02:11:12.660243,0.015,0.985,1.0
2025-12-11T02:11:13.267829,0.015,0.985,1.0
2025-12-11T02:11:13.873654,0.015,0.985,1.0
2025-12-11T02:11:14.479826,0.015,0.985,1.0
2025-12-11T02:11:15.128070,0.015,0.985,1.0
2025-12-11T02:11:15.736921,0.015,0.985,1.0
2025-12-11T02:11:16.341786,0.015,0.985,1.0
2025-12-11T02:11:16.941348,0.015,0.985,1.0
2025-12-11T02:11:17.550692,0.015,0.985,1.0
2025-12-11T02:11:18.157657,0.015,0.985,1.0
2025-12-11T02:11:18.762833,0.015,0.985,1.0
2025-12-11T02:11:19.370764,0.015,0.985,1.0
2025-12-11T02:11:19.981124,0.015,0.985,1.0
2025-12-11T02:11:20.585600,0.015,0.985,1.0
2025-12-11T02:11:21.199601,0.015,0.985,1.0
2025-12-11T02:11:21.817003,0.005,0.995,1.0
2025-12-11T02:11:22.434652,0.005,0.995,1.0
2025-12-11T02:11:23.037041,0.005,0.995,1.0
2025-12-11T02:11:23.639556,0.005,0.995,1.0
2025-12-11T02:11:24.250932,0.005,0.995,1.0
2025-12-11T02:11:24.846501,0.005,0.995,1.0
2025-12-11T02:11:25.459349,0.005,0.995,1.0
2025-12-11T02:11:26.064351,0.005,0.995,1.0
2025-12-11T02:11:26.669509,0.005,0.995,1.0
2025-12-11T02:11:27.281723,0.005,0.995,1.0
2025-12-11T02:11:27.885367,0.005,0.995,1.0
2025-12-11T02:11:28.479256,0.005,0.995,1.0
2025-12-11T02:11:29.086500,0.005,0.995,1.0
2025-12-11T02:11:29.698227,0.005,0.995,1.0
2025-12-11T02:11:30.369412,0.005,0.995,1.0
2025-12-11T02:11:30.973465,0.005,0.995,1.0
2025-12-11T02:11:31.572866,0.005,0.995,1.0
2025-12-11T02:11:32.181940,0.005,0.995,1.0
2025-12-11T02:11:32.792094,0.005,0.995,1.0
2025-12-11T02:11:33.405366,0.005,0.995,1.0
2025-12-11T02:11:34.017521,0.005,0.995,1.0
2025-12-11T02:11:34.617870,0.005,0.995,1.0
2025-12-11T02:11:35.223989,0.005,0.995,1.0
2025-12-11T02:11:35.823388,0.005,0.995,1.0
2025-12-11T02:11:36.435020,0.005,0.995,1.0
2025-12-11T02:11:37.033335,0.005,0.995,1.0
2025-12-11T02:11:37.643204,0.005,0.995,1.0
2025-12-11T02:11:38.255444,0.005,0.995,1.0
2025-12-11T02:11:38.854178,0.005,0.995,1.0
2025-12-11T02:11:39.457415,0.005,0.995,1.0
2025-12-11T02:11:40.061786,0.005,0.995,1.0
2025-12-11T02:11:40.661028,0.005,0.995,1.0
2025-12-11T02:11:41.259539,0.005,0.995,1.0
2025-12-11T02:11:40.256453,0.005,0.995,1.0
2025-12-11T02:11:40.864517,0.005,0.995,1.0
2025-12-11T02:11:41.470106,0.005,0.995,1.0
2025-12-11T02:11:42.073063,0.005,0.995,1.0
2025-12-11T02:11:42.688120,0.005,0.995,1.0
2025-12-11T02:11:43.288704,0.005,0.995,1.0
2025-12-11T02:11:43.885553,0.005,0.995,1.0
2025-12-11T02:11:44.479724,0.005,0.995,1.0
2025-12-11T02:11:45.093261,0.005,0.995,1.0
2025-12-11T02:11:45.704793,0.005,0.995,1.0
2025-12-11T02:11:46.305099,0.005,0.995,1.0
2025-12-11T02:11:46.911306,0.005,0.995,1.0
2025-12-11T02:11:47.530871,0.005,0.995,1.0
2025-12-11T02:11:48.141209,0.005,0.995,1.0
2025-12-11T02:11:48.744002,0.005,0.995,1.0
2025-12-11T02:11:49.349814,0.005,0.995,1.0
2025-12-11T02:11:49.961426,0.005,0.995,1.0
2025-12-11T02:11:50.564935,0.005,0.995,1.0
2025-12-11T02:11:51.163835,0.005,0.995,1.0
2025-12-11T02:11:51.767922,0.005,0.995,1.0
2025-12-11T02:11:52.364218,0.005,0.995,1.0
2025-12-11T02:11:52.959862,0.005,0.995,1.0
2025-12-11T02:11:53.561369,0.005,0.995,1.0
2025-12-11T02:11:54.168198,0.005,0.995,1.0
2025-12-11T02:11:54.777948,0.005,0.995,1.0
2025-12-11T02:11:55.379980,0.005,0.995,1.0
2025-12-11T02:11:55.987621,0.005,0.995,1.0
2025-12-11T02:11:56.592616,0.005,0.995,1.0
2025-12-11T02:11:57.203690,0.005,0.995,1.0
2025-12-11T02:11:57.818606,0.005,0.995,1.0
2025-12-11T02:11:58.418112,0.005,0.995,1.0
2025-12-11T02:11:59.020591,0.005,0.995,1.0
2025-12-11T02:11:59.638624,0.005,0.995,1.0
2025-12-11T02:12:00.239809,0.005,0.995,1.0
2025-12-11T02:12:00.843932,0.005,0.995,1.0
2025-12-11T02:12:01.466231,0.005,0.995,1.0
2025-12-11T02:12:02.089526,0.005,0.995,1.0
2025-12-11T02:12:02.696329,0.005,0.995,1.0
2025-12-11T02:12:03.303439,0.005,0.995,1.0
2025-12-11T02:12:03.909525,0.005,0.995,1.0
2025-12-11T02:12:04.513426,0.005,0.995,1.0
2025-12-11T02:12:05.121757,0.005,0.995,1.0
2025-12-11T02:12:05.733172,0.005,0.995,1.0
2025-12-11T02:12:06.345893,0.005,0.995,1.0
2025-12-11T02:12:06.952569,0.005,0.995,1.0
2025-12-11T02:12:07.561887,0.005,0.995,1.0
2025-12-11T02:12:08.169406,0.005,0.995,1.0
2025-12-11T02:12:08.765996,0.005,0.995,1.0
2025-12-11T02:12:09.372028,0.005,0.995,1.0
2025-12-11T02:12:09.981725,0.005,0.995,1.0
2025-12-11T02:12:10.583650,0.005,0.995,1.0
2025-12-11T02:12:11.190888,0.005,0.995,1.0
2025-12-11T02:12:11.797695,0.005,0.995,1.0
2025-12-11T02:12:10.796184,0.005,0.995,1.0
2025-12-11T02:12:11.394211,0.005,0.995,1.0
2025-12-11T02:12:11.995624,0.005,0.995,1.0
2025-12-11T02:12:12.599309,0.005,0.995,1.0
2025-12-11T02:12:13.205353,0.005,0.995,1.0
2025-12-11T02:12:13.809572,0.005,0.995,1.0
2025-12-11T02:12:14.484599,0.005,0.995,1.0
2025-12-11T02:12:15.086954,0.005,0.995,1.0
2025-12-11T02:12:15.689383,0.005,0.995,1.0
2025-12-11T02:12:16.295624,0.005,0.995,1.0
2025-12-11T02:12:16.904790,0.005,0.995,1.0
2025-12-11T02:12:17.510995,0.005,0.995,1.0
2025-12-11T02:12:18.108296,0.005,0.995,1.0
2025-12-11T02:12:18.715250,0.005,0.995,1.0
2025-12-11T02:12:19.322380,0.005,0.995,1.0
2025-12-11T02:12:19.928232,0.005,0.995,1.0
2025-12-11T02:12:20.528116,0.005,0.995,1.0
2025-12-11T02:12:21.135538,0.005,0.995,1.0
2025-12-11T02:12:21.735882,0.005,0.995,1.0
2025-12-11T02:12:22.340219,0.005,0.995,1.0
2025-12-11T02:12:22.951429,0.005,0.995,1.0
2025-12-11T02:12:23.552808,0.005,0.995,1.0
2025-12-11T02:12:24.156075,0.005,0.995,1.0
2025-12-11T02:12:24.761240,0.005,0.995,1.0
2025-12-11T02:12:25.366055,0.005,0.995,1.0
2025-12-11T02:12:25.973027,0.005,0.995,1.0
2025-12-11T02:12:26.576829,0.005,0.995,1.0
2025-12-11T02:12:27.190190,0.005,0.995,1.0
2025-12-11T02:12:27.791948,0.005,0.995,1.0
2025-12-11T02:12:28.407220,0.005,0.995,1.0
2025-12-11T02:12:29.015925,0.005,0.995,1.0
2025-12-11T02:12:29.620461,0.005,0.995,1.0
2025-12-11T02:12:30.231106,0.005,0.995,1.0
2025-12-11T02:12:30.837627,0.005,0.995,1.0
2025-12-11T02:12:31.464330,0.005,0.995,1.0
2025-12-11T02:12:32.071488,0.005,0.995,1.0
2025-12-11T02:12:32.680841,0.005,0.995,1.0
2025-12-11T02:12:33.288282,0.005,0.995,1.0
2025-12-11T02:12:33.888818,0.005,0.995,1.0
2025-12-11T02:12:34.496062,0.005,0.995,1.0
2025-12-11T02:12:35.108494,0.005,0.995,1.0
2025-12-11T02:12:35.719547,0.005,0.995,1.0
2025-12-11T02:12:36.325428,0.005,0.995,1.0
2025-12-11T02:12:36.943281,0.005,0.995,1.0
2025-12-11T02:12:37.537807,0.005,0.995,1.0
2025-12-11T02:12:38.145125,0.005,0.995,1.0
2025-12-11T02:12:38.755969,0.005,0.995,1.0
2025-12-11T02:12:39.358776,0.005,0.995,1.0
2025-12-11T02:12:39.966082,0.005,0.995,1.0
2025-12-11T02:12:40.570318,0.005,0.995,1.0
2025-12-11T02:12:41.175543,0.005,0.995,1.0
2025-12-11T02:12:41.803407,0.005,0.995,1.0
2025-12-11T02:12:42.424915,0.005,0.995,1.0
2025-12-11T02:12:41.426464,0.005,0.995,1.0
2025-12-11T02:12:42.025556,0.005,0.995,1.0
2025-12-11T02:12:42.625022,0.005,0.995,1.0
2025-12-11T02:12:43.223254,0.005,0.995,1.0
2025-12-11T02:12:43.827931,0.005,0.995,1.0
2025-12-11T02:12:44.440104,0.005,0.995,1.0
2025-12-11T02:12:45.042112,0.005,0.995,1.0
2025-12-11T02:12:45.650983,0.005,0.995,1.0
2025-12-11T02:12:46.261389,0.005,0.995,1.0
2025-12-11T02:12:46.863553,0.005,0.995,1.0
2025-12-11T02:12:47.467305,0.005,0.995,1.0
2025-12-11T02:12:48.068830,0.005,0.995,1.0
2025-12-11T02:12:48.675513,0.005,0.995,1.0
2025-12-11T02:12:49.286081,0.005,0.995,1.0
2025-12-11T02:12:49.881620,0.005,0.995,1.0
2025-12-11T02:12:50.489084,0.005,0.995,1.0
2025-12-11T02:12:51.094006,0.005,0.995,1.0
2025-12-11T02:12:51.696958,0.005,0.995,1.0
2025-12-11T02:12:52.300804,0.005,0.995,1.0
2025-12-11T02:12:52.907980,0.005,0.995,1.0
2025-12-11T02:12:53.528584,0.005,0.995,1.0
2025-12-11T02:12:54.132008,0.005,0.995,1.0
2025-12-11T02:12:54.740044,0.005,0.995,1.0
2025-12-11T02:12:55.347995,0.005,0.995,1.0
2025-12-11T02:12:55.947251,0.005,0.995,1.0
2025-12-11T02:12:56.551919,0.005,0.995,1.0
2025-12-11T02:12:57.154044,0.005,0.995,1.0
2025-12-11T02:12:57.757079,0.005,0.995,1.0
2025-12-11T02:12:58.363719,0.005,0.995,1.0
2025-12-11T02:12:58.963368,0.005,0.995,1.0
2025-12-11T02:12:59.568075,0.005,0.995,1.0
2025-12-11T02:13:00.169991,0.005,0.995,1.0
2025-12-11T02:13:00.783207,0.005,0.995,1.0
2025-12-11T02:13:01.390994,0.005,0.995,1.0
2025-12-11T02:13:01.995318,0.005,0.995,1.0
2025-12-11T02:13:02.608223,0.005,0.995,1.0
2025-12-11T02:13:03.221247,0.005,0.995,1.0
2025-12-11T02:13:03.820985,0.005,0.995,1.0
2025-12-11T02:13:04.431196,0.005,0.995,1.0
2025-12-11T02:13:05.028790,0.005,0.995,1.0
2025-12-11T02:13:05.635992,0.005,0.995,1.0
2025-12-11T02:13:06.244207,0.005,0.995,1.0
2025-12-11T02:13:06.853656,0.005,0.995,1.0
2025-12-11T02:13:07.457627,0.005,0.995,1.0
2025-12-11T02:13:08.057114,0.005,0.995,1.0
2025-12-11T02:13:08.662653,0.005,0.995,1.0
2025-12-11T02:13:09.269097,0.005,0.995,1.0
2025-12-11T02:13:09.886322,0.005,0.995,1.0
2025-12-11T02:13:10.491792,0.005,0.995,1.0
2025-12-11T02:13:11.095445,0.005,0.995,1.0
2025-12-11T02:13:11.699836,0.005,0.995,1.0
2025-12-11T02:13:12.299537,0.005,0.995,1.0
2025-12-11T02:13:12.910870,0.005,0.995,1.0
2025-12-11T02:13:11.901897,0.005,0.995,1.0
2025-12-11T02:13:12.503885,0.005,0.995,1.0
2025-12-11T02:13:13.111450,0.005,0.995,1.0
2025-12-11T02:13:13.719452,0.005,0.995,1.0
2025-12-11T02:13:14.324132,0.005,0.995,1.0
2025-12-11T02:13:14.934974,0.005,0.995,1.0
2025-12-11T02:13:15.544528,0.005,0.995,1.0
2025-12-11T02:13:16.148115,0.005,0.995,1.0
2025-12-11T02:13:16.762333,0.005,0.995,1.0
2025-12-11T02:13:17.370087,0.005,0.995,1.0
2025-12-11T02:13:17.979271,0.005,0.995,1.0
2025-12-11T02:13:18.583908,0.005,0.995,1.0
2025-12-11T02:13:19.193854,0.005,0.995,1.0
2025-12-11T02:13:19.807253,0.005,0.995,1.0
2025-12-11T02:13:20.421188,0.005,0.995,1.0
2025-12-11T02:13:21.026392,0.005,0.995,1.0
2025-12-11T02:13:21.632557,0.005,0.995,1.0
2025-12-11T02:13:22.237902,0.005,0.995,1.0
2025-12-11T02:13:22.851974,0.005,0.995,1.0
2025-12-11T02:13:23.448753,0.005,0.995,1.0
2025-12-11T02:13:24.055386,0.005,0.995,1.0
2025-12-11T02:13:24.664104,0.005,0.995,1.0
2025-12-11T02:13:25.269359,0.005,0.995,1.0
2025-12-11T02:13:25.881403,0.005,0.995,1.0
2025-12-11T02:13:26.482493,0.005,0.995,1.0
2025-12-11T02:13:27.098791,0.005,0.995,1.0
2025-12-11T02:13:27.705274,0.005,0.995,1.0
2025-12-11T02:13:28.322659,0.005,0.995,1.0
2025-12-11T02:13:28.935762,0.005,0.995,1.0
2025-12-11T02:13:29.540471,0.005,0.995,1.0
2025-12-11T02:13:30.148984,0.005,0.995,1.0
2025-12-11T02:13:30.759764,0.005,0.995,1.0
2025-12-11T02:13:31.366094,0.005,0.995,1.0
2025-12-11T02:13:31.976221,0.005,0.995,1.0
2025-12-11T02:13:32.579456,0.005,0.995,1.0
2025-12-11T02:13:33.187018,0.005,0.995,1.0
2025-12-11T02:13:33.793935,0.005,0.995,1.0
2025-12-11T02:13:34.390220,0.005,0.995,1.0
2025-12-11T02:13:34.994858,0.005,0.995,1.0
2025-12-11T02:13:35.591100,0.005,0.995,1.0
2025-12-11T02:13:36.191019,0.005,0.995,1.0
2025-12-11T02:13:36.802067,0.005,0.995,1.0
2025-12-11T02:13:37.426445,0.005,0.995,1.0
2025-12-11T02:13:38.034378,0.005,0.995,1.0
2025-12-11T02:13:38.642917,0.005,0.995,1.0
2025-12-11T02:13:39.253543,0.005,0.995,1.0
2025-12-11T02:13:39.856447,0.005,0.995,1.0
2025-12-11T02:13:40.468153,0.005,0.995,1.0
2025-12-11T02:13:41.082733,0.005,0.995,1.0
2025-12-11T02:13:41.694950,0.005,0.995,1.0
2025-12-11T02:13:42.303241,0.005,0.995,1.0
2025-12-11T02:13:42.919404,0.005,0.995,1.0
2025-12-11T02:13:43.557832,0.005,0.995,1.0
2025-12-11T02:13:42.549714,0.005,0.995,1.0
2025-12-11T02:13:43.151559,0.005,0.995,1.0
2025-12-11T02:13:43.753466,0.005,0.995,1.0
2025-12-11T02:13:44.355754,0.005,0.995,1.0
2025-12-11T02:13:44.956406,0.005,0.995,1.0
2025-12-11T02:13:45.579186,0.005,0.995,1.0
2025-12-11T02:13:46.194015,0.005,0.995,1.0
2025-12-11T02:13:46.807587,0.005,0.995,1.0
2025-12-11T02:13:47.429093,0.005,0.995,1.0
2025-12-11T02:13:48.031359,0.005,0.995,1.0
2025-12-11T02:13:48.638828,0.005,0.995,1.0
2025-12-11T02:13:49.244064,0.005,0.995,1.0
2025-12-11T02:13:49.884686,0.005,0.995,1.0
2025-12-11T02:13:50.491614,0.005,0.995,1.0
2025-12-11T02:13:51.100631,0.005,0.995,1.0
2025-12-11T02:13:51.708236,0.005,0.995,1.0
2025-12-11T02:13:52.315042,0.005,0.995,1.0
2025-12-11T02:13:52.922447,0.005,0.995,1.0
2025-12-11T02:13:53.535194,0.005,0.995,1.0
2025-12-11T02:13:54.148241,0.005,0.995,1.0
2025-12-11T02:13:54.744089,0.005,0.995,1.0
2025-12-11T02:13:55.349169,0.005,0.995,1.0
2025-12-11T02:13:55.951192,0.005,0.995,1.0
2025-12-11T02:13:56.568782,0.005,0.995,1.0
2025-12-11T02:13:57.174562,0.005,0.995,1.0
2025-12-11T02:13:57.771796,0.005,0.995,1.0
2025-12-11T02:13:58.374095,0.005,0.995,1.0
2025-12-11T02:13:58.974106,0.005,0.995,1.0
2025-12-11T02:13:59.581327,0.005,0.995,1.0
2025-12-11T02:14:00.191014,0.005,0.995,1.0
2025-12-11T02:14:00.797786,0.005,0.995,1.0
2025-12-11T02:14:01.408147,0.005,0.995,1.0
2025-12-11T02:14:02.023379,0.005,0.995,1.0
2025-12-11T02:14:02.630122,0.005,0.995,1.0
2025-12-11T02:14:03.234925,0.005,0.995,1.0
2025-12-11T02:14:03.837338,0.005,0.995,1.0
2025-12-11T02:14:04.434134,0.005,0.995,1.0
2025-12-11T02:14:05.042796,0.005,0.995,1.0
2025-12-11T02:14:05.652845,0.005,0.995,1.0
2025-12-11T02:14:06.260716,0.005,0.995,1.0
2025-12-11T02:14:06.869353,0.005,0.995,1.0
2025-12-11T02:14:07.476284,0.005,0.995,1.0
2025-12-11T02:14:08.080907,0.005,0.995,1.0
2025-12-11T02:14:08.688655,0.005,0.995,1.0
2025-12-11T02:14:09.290285,0.005,0.995,1.0
2025-12-11T02:14:09.920198,0.005,0.995,1.0
2025-12-11T02:14:10.522090,0.005,0.995,1.0
2025-12-11T02:14:11.131518,0.005,0.995,1.0
2025-12-11T02:14:11.745528,0.005,0.995,1.0
2025-12-11T02:14:12.357460,0.005,0.995,1.0
2025-12-11T02:14:12.967429,0.005,0.995,1.0
2025-12-11T02:14:13.573109,0.005,0.995,1.0
2025-12-11T02:14:14.182368,0.005,0.995,1.0
2025-12-11T02:14:13.182327,0.005,0.995,1.0
2025-12-11T02:14:13.800660,0.005,0.995,1.0
2025-12-11T02:14:14.407272,0.005,0.995,1.0
2025-12-11T02:14:15.010579,0.005,0.995,1.0
2025-12-11T02:14:15.615089,0.005,0.995,1.0
2025-12-11T02:14:16.219241,0.005,0.995,1.0
2025-12-11T02:14:16.826662,0.005,0.995,1.0
2025-12-11T02:14:17.445575,0.005,0.995,1.0
2025-12-11T02:14:18.050167,0.005,0.995,1.0
2025-12-11T02:14:18.678029,0.005,0.995,1.0
2025-12-11T02:14:19.285253,0.005,0.995,1.0
2025-12-11T02:14:19.902788,0.005,0.995,1.0
2025-12-11T02:14:20.512588,0.005,0.995,1.0
2025-12-11T02:14:21.128234,0.005,0.995,1.0
2025-12-11T02:14:21.739360,0.005,0.995,1.0
2025-12-11T02:14:22.341974,0.005,0.995,1.0
2025-12-11T02:14:22.949389,0.005,0.995,1.0
2025-12-11T02:14:23.554980,0.005,0.995,1.0
2025-12-11T02:14:24.157052,0.005,0.995,1.0
2025-12-11T02:14:24.764861,0.005,0.995,1.0
2025-12-11T02:14:25.370226,0.005,0.995,1.0
2025-12-11T02:14:25.969338,0.005,0.995,1.0
2025-12-11T02:14:26.570461,0.005,0.995,1.0
2025-12-11T02:14:27.176415,0.005,0.995,1.0
2025-12-11T02:14:27.770976,0.005,0.995,1.0
2025-12-11T02:14:28.378590,0.005,0.995,1.0
2025-12-11T02:14:28.983740,0.005,0.995,1.0
2025-12-11T02:14:29.582075,0.005,0.995,1.0
2025-12-11T02:14:30.188459,0.005,0.995,1.0
2025-12-11T02:14:30.798307,0.005,0.995,1.0
2025-12-11T02:14:31.420087,0.005,0.995,1.0
2025-12-11T02:14:32.021020,0.005,0.995,1.0
2025-12-11T02:14:32.620783,0.005,0.995,1.0
2025-12-11T02:14:33.231475,0.005,0.995,1.0
2025-12-11T02:14:33.846127,0.005,0.995,1.0
2025-12-11T02:14:34.464758,0.005,0.995,1.0
2025-12-11T02:14:35.077434,0.005,0.995,1.0
2025-12-11T02:14:35.683896,0.005,0.995,1.0
2025-12-11T02:14:36.291006,0.005,0.995,1.0
2025-12-11T02:14:36.888402,0.005,0.995,1.0
2025-12-11T02:14:37.499833,0.005,0.995,1.0
2025-12-11T02:14:38.110347,0.005,0.995,1.0
2025-12-11T02:14:38.716534,0.005,0.995,1.0
2025-12-11T02:14:39.318311,0.005,0.995,1.0
2025-12-11T02:14:39.923279,0.005,0.995,1.0
2025-12-11T02:14:40.531726,0.005,0.995,1.0
2025-12-11T02:14:41.137235,0.005,0.995,1.0
2025-12-11T02:14:41.764740,0.005,0.995,1.0
2025-12-11T02:14:42.372298,0.005,0.995,1.0
2025-12-11T02:14:42.980666,0.005,0.995,1.0
2025-12-11T02:14:43.586905,0.005,0.995,1.0
2025-12-11T02:14:44.197761,0.005,0.995,1.0
2025-12-11T02:14:44.805919,0.005,0.995,1.0
2025-12-11T02:14:43.791962,0.005,0.995,1.0
2025-12-11T02:14:44.389546,0.005,0.995,1.0
2025-12-11T02:14:44.988576,0.005,0.995,1.0
2025-12-11T02:14:45.584656,0.005,0.995,1.0
2025-12-11T02:14:46.179642,0.005,0.995,1.0
2025-12-11T02:14:46.781618,0.005,0.995,1.0
2025-12-11T02:14:47.485125,0.005,0.995,1.0
2025-12-11T02:14:48.092731,0.005,0.995,1.0
2025-12-11T02:14:48.704567,0.005,0.995,1.0
2025-12-11T02:14:49.317795,0.005,0.995,1.0
2025-12-11T02:14:49.915670,0.005,0.995,1.0
2025-12-11T02:14:50.523834,0.005,0.995,1.0
2025-12-11T02:14:51.137497,0.005,0.995,1.0
2025-12-11T02:14:51.745333,0.005,0.995,1.0
2025-12-11T02:14:52.353752,0.005,0.995,1.0
2025-12-11T02:14:52.966241,0.005,0.995,1.0
2025-12-11T02:14:53.566665,0.005,0.995,1.0
2025-12-11T02:14:54.169733,0.005,0.995,1.0
2025-12-11T02:14:54.770037,0.005,0.995,1.0
2025-12-11T02:14:55.380332,0.005,0.995,1.0
2025-12-11T02:14:55.988302,0.005,0.995,1.0
2025-12-11T02:14:56.595949,0.005,0.995,1.0
2025-12-11T02:14:57.196407,0.005,0.995,1.0
2025-12-11T02:14:57.808583,0.005,0.995,1.0
2025-12-11T02:14:58.412412,0.005,0.995,1.0
2025-12-11T02:14:59.040678,0.005,0.995,1.0
2025-12-11T02:14:59.639962,0.005,0.995,1.0
2025-12-11T02:15:00.236720,0.005,0.995,1.0
2025-12-11T02:15:00.842488,0.005,0.995,1.0
2025-12-11T02:15:01.509046,0.005,0.995,1.0
2025-12-11T02:15:02.118562,0.005,0.995,1.0
2025-12-11T02:15:02.716183,0.005,0.995,1.0
2025-12-11T02:15:03.331549,0.005,0.995,1.0
2025-12-11T02:15:03.940030,0.005,0.995,1.0
2025-12-11T02:15:04.547645,0.005,0.995,1.0
2025-12-11T02:15:05.154220,0.005,0.995,1.0
2025-12-11T02:15:05.765826,0.005,0.995,1.0
2025-12-11T02:15:06.376734,0.005,0.995,1.0
2025-12-11T02:15:06.992326,0.005,0.995,1.0
2025-12-11T02:15:07.598717,0.005,0.995,1.0
2025-12-11T02:15:08.213096,0.005,0.995,1.0
2025-12-11T02:15:08.815559,0.005,0.995,1.0
2025-12-11T02:15:09.448704,0.005,0.995,1.0
2025-12-11T02:15:10.062133,0.005,0.995,1.0
2025-12-11T02:15:10.661488,0.005,0.995,1.0
2025-12-11T02:15:11.273866,0.005,0.995,1.0
2025-12-11T02:15:11.880498,0.005,0.995,1.0
2025-12-11T02:15:12.492197,0.005,0.995,1.0
2025-12-11T02:15:13.089135,0.005,0.995,1.0
2025-12-11T02:15:13.699459,0.005,0.995,1.0
2025-12-11T02:15:14.312119,0.005,0.995,1.0
2025-12-11T02:15:14.920482,0.005,0.995,1.0
2025-12-11T02:15:15.520977,0.005,0.995,1.0
2025-12-11T02:15:14.503531,0.005,0.995,1.0
2025-12-11T02:15:15.109513,0.005,0.995,1.0
2025-12-11T02:15:15.722081,0.005,0.995,1.0
2025-12-11T02:15:16.331568,0.005,0.995,1.0
2025-12-11T02:15:16.936676,0.005,0.995,1.0
2025-12-11T02:15:17.539288,0.005,0.995,1.0
2025-12-11T02:15:18.140141,0.005,0.995,1.0
2025-12-11T02:15:18.750795,0.005,0.995,1.0
2025-12-11T02:15:19.364547,0.005,0.995,1.0
2025-12-11T02:15:19.974893,0.005,0.995,1.0
2025-12-11T02:15:20.579109,0.005,0.995,1.0
2025-12-11T02:15:21.183834,0.005,0.995,1.0
2025-12-11T02:15:21.792699,0.005,0.995,1.0
2025-12-11T02:15:22.398710,0.005,0.995,1.0
2025-12-11T02:15:23.000768,0.005,0.995,1.0
2025-12-11T02:15:23.599611,0.005,0.995,1.0
2025-12-11T02:15:24.199438,0.005,0.995,1.0
2025-12-11T02:15:24.804855,0.005,0.995,1.0
2025-12-11T02:15:25.412851,0.005,0.995,1.0
2025-12-11T02:15:26.032493,0.005,0.995,1.0
2025-12-11T02:15:26.640695,0.005,0.995,1.0
2025-12-11T02:15:27.260019,0.005,0.995,1.0
2025-12-11T02:15:27.864582,0.005,0.995,1.0
2025-12-11T02:15:28.483024,0.005,0.995,1.0
2025-12-11T02:15:29.089212,0.005,0.995,1.0
2025-12-11T02:15:29.702273,0.005,0.995,1.0
2025-12-11T02:15:30.312247,0.005,0.995,1.0
2025-12-11T02:15:30.922204,0.005,0.995,1.0
2025-12-11T02:15:31.535204,0.005,0.995,1.0
2025-12-11T02:15:32.139003,0.005,0.995,1.0
2025-12-11T02:15:32.769787,0.005,0.995,1.0
2025-12-11T02:15:33.370075,0.005,0.995,1.0
2025-12-11T02:15:33.970089,0.005,0.995,1.0
2025-12-11T02:15:34.577794,0.005,0.995,1.0
2025-12-11T02:15:35.178399,0.005,0.995,1.0
2025-12-11T02:15:35.785839,0.005,0.995,1.0
2025-12-11T02:15:36.397199,0.005,0.995,1.0
2025-12-11T02:15:37.008958,0.005,0.995,1.0
2025-12-11T02:15:37.625773,0.005,0.995,1.0
2025-12-11T02:15:38.233459,0.005,0.995,1.0
2025-12-11T02:15:38.869244,0.005,0.995,1.0
2025-12-11T02:15:39.487313,0.005,0.995,1.0
2025-12-11T02:15:40.095124,0.005,0.995,1.0
2025-12-11T02:15:40.711012,0.005,0.995,1.0
2025-12-11T02:15:41.324405,0.005,0.995,1.0
2025-12-11T02:15:41.933082,0.005,0.995,1.0
2025-12-11T02:15:42.530602,0.005,0.995,1.0
2025-12-11T02:15:43.133834,0.005,0.995,1.0
2025-12-11T02:15:43.747512,0.005,0.995,1.0
2025-12-11T02:15:44.365690,0.005,0.995,1.0
2025-12-11T02:15:44.982191,0.005,0.995,1.0
2025-12-11T02:15:45.601004,0.005,0.995,1.0
2025-12-11T02:15:46.215148,0.005,0.995,1.0
2025-12-11T02:15:45.209915,0.005,0.995,1.0
2025-12-11T02:15:45.832865,0.005,0.995,1.0
2025-12-11T02:15:46.434124,0.005,0.995,1.0
2025-12-11T02:15:47.036483,0.005,0.995,1.0
2025-12-11T02:15:47.654305,0.005,0.995,1.0
2025-12-11T02:15:48.267535,0.005,0.995,1.0
2025-12-11T02:15:48.880654,0.005,0.995,1.0
2025-12-11T02:15:49.495751,0.005,0.995,1.0
2025-12-11T02:15:50.104477,0.005,0.995,1.0
2025-12-11T02:15:50.717747,0.005,0.995,1.0
2025-12-11T02:15:51.327467,0.005,0.995,1.0
2025-12-11T02:15:51.943199,0.005,0.995,1.0
2025-12-11T02:15:52.638145,0.005,0.995,1.0
2025-12-11T02:15:53.238965,0.005,0.995,1.0
2025-12-11T02:15:53.847592,0.005,0.995,1.0
2025-12-11T02:15:54.455847,0.005,0.995,1.0
2025-12-11T02:15:55.071794,0.005,0.995,1.0
2025-12-11T02:15:55.690697,0.005,0.995,1.0
2025-12-11T02:15:56.307319,0.005,0.995,1.0
2025-12-11T02:15:56.921737,0.005,0.995,1.0
2025-12-11T02:15:57.541885,0.005,0.995,1.0
2025-12-11T02:15:58.160595,0.005,0.995,1.0
2025-12-11T02:15:58.770032,0.005,0.995,1.0
2025-12-11T02:15:59.383796,0.005,0.995,1.0
