timestamp,price_yes,price_no,sum_prices
2025-12-10T21:46:00.938413,0.475,0.525,1.0
2025-12-10T21:46:01.573791,0.475,0.525,1.0
2025-12-10T21:46:02.310538,0.49,0.51,1.0
2025-12-10T21:46:02.958866,0.495,0.505,1.0
2025-12-10T21:46:03.641897,0.475,0.525,1.0
2025-12-10T21:46:04.355597,0.48,0.52,1.0
2025-12-10T21:46:04.996383,0.485,0.515,1.0
2025-12-10T21:46:05.679186,0.485,0.515,1.0
2025-12-10T21:46:06.374154,0.495,0.495,0.99
2025-12-10T21:46:07.038940,0.525,0.475,1.0
2025-12-10T21:46:07.667113,0.525,0.475,1.0
2025-12-10T21:46:08.313582,0.515,0.485,1.0
2025-12-10T21:46:08.985157,0.495,0.505,1.0
2025-12-10T21:46:09.704485,0.495,0.505,1.0
2025-12-10T21:46:10.327379,0.52,0.485,1.005
2025-12-10T21:46:11.020838,0.525,0.47,0.995
2025-12-10T21:46:10.151572,0.535,0.465,1.0
2025-12-10T21:46:10.869545,0.545,0.455,1.0
2025-12-10T21:46:11.565507,0.545,0.455,1.0
2025-12-10T21:46:12.198053,0.555,0.445,1.0
2025-12-10T21:46:12.818605,0.565,0.435,1.0
2025-12-10T21:46:13.459891,0.575,0.425,1.0
2025-12-10T21:46:14.106166,0.575,0.435,1.01
2025-12-10T21:46:14.809103,0.56,0.44,1.0
2025-12-10T21:46:15.451838,0.565,0.44,1.005
2025-12-10T21:46:16.134997,0.555,0.445,1.0
2025-12-10T21:46:16.838464,0.56,0.44,1.0
2025-12-10T21:46:17.511186,0.555,0.45,1.0050000000000001
2025-12-10T21:46:18.192756,0.545,0.455,1.0
2025-12-10T21:46:18.981937,0.535,0.455,0.99
2025-12-10T21:46:19.626653,0.545,0.44,0.9850000000000001
2025-12-10T21:46:20.338328,0.565,0.435,1.0
2025-12-10T21:46:21.075057,0.575,0.425,1.0
2025-12-10T21:46:21.786822,0.585,0.415,1.0
2025-12-10T21:46:22.466205,0.585,0.415,1.0
2025-12-10T21:46:23.205515,0.585,0.415,1.0
2025-12-10T21:46:23.890245,0.585,0.415,1.0
2025-12-10T21:46:24.562921,0.59,0.41,1.0
2025-12-10T21:46:25.221559,0.595,0.405,1.0
2025-12-10T21:46:25.851562,0.595,0.405,1.0
2025-12-10T21:46:26.503866,0.595,0.405,1.0
2025-12-10T21:46:27.136937,0.605,0.395,1.0
2025-12-10T21:46:27.983333,0.615,0.375,0.99
2025-12-10T21:46:28.683099,0.625,0.375,1.0
2025-12-10T21:46:29.304233,0.615,0.385,1.0
2025-12-10T21:46:29.939539,0.615,0.385,1.0
2025-12-10T21:46:30.630821,0.625,0.375,1.0
2025-12-10T21:46:31.268418,0.635,0.365,1.0
2025-12-10T21:46:31.919679,0.635,0.365,1.0
2025-12-10T21:46:32.559554,0.64,0.36,1.0
2025-12-10T21:46:33.244729,0.635,0.365,1.0
2025-12-10T21:46:33.902298,0.635,0.365,1.0
2025-12-10T21:46:34.582502,0.625,0.38,1.005
2025-12-10T21:46:35.254391,0.635,0.365,1.0
2025-12-10T21:46:35.918241,0.635,0.365,1.0
2025-12-10T21:46:36.605475,0.625,0.375,1.0
2025-12-10T21:46:37.244383,0.63,0.365,0.995
2025-12-10T21:46:37.889836,0.635,0.365,1.0
2025-12-10T21:46:38.574515,0.625,0.375,1.0
2025-12-10T21:46:39.293004,0.615,0.385,1.0
2025-12-10T21:46:39.960054,0.605,0.395,1.0
2025-12-10T21:46:40.704077,0.595,0.405,1.0
2025-12-10T21:46:41.421913,0.585,0.42,1.005
2025-12-10T21:46:40.363100,0.575,0.425,1.0
2025-12-10T21:46:40.996695,0.575,0.425,1.0
2025-12-10T21:46:41.650899,0.595,0.405,1.0
2025-12-10T21:46:42.283766,0.595,0.405,1.0
2025-12-10T21:46:42.937850,0.585,0.415,1.0
2025-12-10T21:46:43.584206,0.595,0.405,1.0
2025-12-10T21:46:44.264701,0.605,0.395,1.0
2025-12-10T21:46:44.929718,0.605,0.385,0.99
2025-12-10T21:46:45.592576,0.615,0.385,1.0
2025-12-10T21:46:46.223697,0.615,0.385,1.0
2025-12-10T21:46:46.897327,0.61,0.395,1.005
2025-12-10T21:46:47.618338,0.615,0.385,1.0
2025-12-10T21:46:48.255674,0.615,0.385,1.0
2025-12-10T21:46:48.917326,0.615,0.385,1.0
2025-12-10T21:46:49.572385,0.62,0.375,0.995
2025-12-10T21:46:50.227694,0.615,0.385,1.0
2025-12-10T21:46:50.870744,0.605,0.395,1.0
2025-12-10T21:46:51.534780,0.61,0.39,1.0
2025-12-10T21:46:52.208277,0.605,0.395,1.0
2025-12-10T21:46:52.852314,0.605,0.395,1.0
2025-12-10T21:46:53.524030,0.605,0.395,1.0
2025-12-10T21:46:54.172003,0.605,0.385,0.99
2025-12-10T21:46:54.828125,0.615,0.385,1.0
2025-12-10T21:46:55.508972,0.625,0.375,1.0
2025-12-10T21:46:56.140154,0.63,0.365,0.995
2025-12-10T21:46:56.813117,0.61,0.39,1.0
2025-12-10T21:46:57.453382,0.615,0.385,1.0
2025-12-10T21:46:58.134863,0.605,0.395,1.0
2025-12-10T21:46:58.775615,0.615,0.385,1.0
2025-12-10T21:46:59.424765,0.615,0.385,1.0
2025-12-10T21:47:00.152704,0.615,0.385,1.0
2025-12-10T21:47:00.809268,0.615,0.385,1.0
2025-12-10T21:47:01.489045,0.625,0.375,1.0
2025-12-10T21:47:02.174291,0.625,0.375,1.0
2025-12-10T21:47:02.806580,0.595,0.405,1.0
2025-12-10T21:47:03.482266,0.585,0.42,1.005
2025-12-10T21:47:04.115646,0.54,0.46,1.0
2025-12-10T21:47:04.771203,0.525,0.48,1.005
2025-12-10T21:47:05.445238,0.515,0.485,1.0
2025-12-10T21:47:06.109721,0.525,0.475,1.0
2025-12-10T21:47:06.765251,0.525,0.475,1.0
2025-12-10T21:47:07.427065,0.525,0.465,0.99
2025-12-10T21:47:08.148700,0.545,0.46,1.0050000000000001
2025-12-10T21:47:08.798524,0.535,0.465,1.0
2025-12-10T21:47:09.584512,0.535,0.465,1.0
2025-12-10T21:47:10.215500,0.51,0.49,1.0
2025-12-10T21:47:10.869751,0.51,0.49,1.0
2025-12-10T21:47:11.550756,0.495,0.535,1.03
2025-12-10T21:47:12.201260,0.44,0.56,1.0
2025-12-10T21:47:11.208337,0.43,0.575,1.005
2025-12-10T21:47:11.926375,0.425,0.575,1.0
2025-12-10T21:47:12.613461,0.415,0.585,1.0
2025-12-10T21:47:13.250758,0.415,0.585,1.0
2025-12-10T21:47:13.915929,0.415,0.585,1.0
2025-12-10T21:47:14.611861,0.415,0.585,1.0
2025-12-10T21:47:15.266978,0.425,0.575,1.0
2025-12-10T21:47:15.956136,0.42,0.58,1.0
2025-12-10T21:47:16.606699,0.415,0.585,1.0
2025-12-10T21:47:17.261155,0.415,0.585,1.0
2025-12-10T21:47:17.898725,0.415,0.585,1.0
2025-12-10T21:47:18.528932,0.425,0.575,1.0
2025-12-10T21:47:19.159289,0.425,0.575,1.0
2025-12-10T21:47:19.853606,0.415,0.585,1.0
2025-12-10T21:47:20.500478,0.405,0.595,1.0
2025-12-10T21:47:21.163339,0.395,0.605,1.0
2025-12-10T21:47:21.787315,0.39,0.615,1.005
2025-12-10T21:47:22.470015,0.39,0.605,0.995
2025-12-10T21:47:23.196695,0.375,0.625,1.0
2025-12-10T21:47:23.887728,0.375,0.625,1.0
2025-12-10T21:47:24.569269,0.365,0.635,1.0
2025-12-10T21:47:25.285055,0.355,0.645,1.0
2025-12-10T21:47:26.073188,0.355,0.645,1.0
2025-12-10T21:47:26.821969,0.355,0.645,1.0
2025-12-10T21:47:27.532734,0.355,0.645,1.0
2025-12-10T21:47:28.234751,0.36,0.645,1.005
2025-12-10T21:47:28.922248,0.355,0.645,1.0
2025-12-10T21:47:29.576187,0.355,0.65,1.005
2025-12-10T21:47:30.210791,0.335,0.665,1.0
2025-12-10T21:47:30.930748,0.335,0.665,1.0
2025-12-10T21:47:31.584630,0.335,0.665,1.0
2025-12-10T21:47:32.220909,0.345,0.655,1.0
2025-12-10T21:47:32.879062,0.36,0.64,1.0
2025-12-10T21:47:33.548847,0.355,0.645,1.0
2025-12-10T21:47:34.181256,0.35,0.65,1.0
2025-12-10T21:47:34.830121,0.35,0.645,0.995
2025-12-10T21:47:35.475907,0.355,0.645,1.0
2025-12-10T21:47:36.102982,0.345,0.655,1.0
2025-12-10T21:47:36.769766,0.345,0.655,1.0
2025-12-10T21:47:37.419768,0.345,0.655,1.0
2025-12-10T21:47:38.038882,0.355,0.645,1.0
2025-12-10T21:47:38.692277,0.36,0.64,1.0
2025-12-10T21:47:39.320346,0.345,0.655,1.0
2025-12-10T21:47:39.973534,0.335,0.655,0.99
2025-12-10T21:47:40.596572,0.345,0.665,1.01
2025-12-10T21:47:41.293989,0.335,0.665,1.0
2025-12-10T21:47:41.957451,0.335,0.665,1.0
2025-12-10T21:47:42.655015,0.335,0.665,1.0
2025-12-10T21:47:41.617036,0.325,0.675,1.0
2025-12-10T21:47:42.312871,0.335,0.665,1.0
2025-12-10T21:47:43.279841,0.345,0.655,1.0
2025-12-10T21:47:43.951749,0.345,0.655,1.0
2025-12-10T21:47:44.611060,0.325,0.675,1.0
2025-12-10T21:47:45.325526,0.315,0.685,1.0
2025-12-10T21:47:46.035498,0.315,0.685,1.0
2025-12-10T21:47:46.766806,0.295,0.715,1.01
2025-12-10T21:47:47.441115,0.275,0.725,1.0
2025-12-10T21:47:48.084349,0.27,0.73,1.0
2025-12-10T21:47:48.759529,0.255,0.745,1.0
2025-12-10T21:47:49.446971,0.255,0.745,1.0
2025-12-10T21:47:50.112473,0.255,0.745,1.0
2025-12-10T21:47:50.869415,0.265,0.735,1.0
2025-12-10T21:47:51.589137,0.255,0.745,1.0
2025-12-10T21:47:52.295465,0.255,0.745,1.0
2025-12-10T21:47:53.044512,0.245,0.755,1.0
2025-12-10T21:47:53.759588,0.245,0.755,1.0
2025-12-10T21:47:54.410164,0.25,0.75,1.0
2025-12-10T21:47:55.095085,0.245,0.755,1.0
2025-12-10T21:47:55.812415,0.245,0.755,1.0
2025-12-10T21:47:56.480104,0.235,0.77,1.005
2025-12-10T21:47:57.225567,0.225,0.775,1.0
2025-12-10T21:47:57.899389,0.22,0.775,0.995
2025-12-10T21:47:58.625979,0.225,0.78,1.0050000000000001
2025-12-10T21:47:59.317110,0.215,0.785,1.0
2025-12-10T21:48:00.016069,0.215,0.78,0.995
2025-12-10T21:48:00.686840,0.215,0.785,1.0
2025-12-10T21:48:01.372981,0.215,0.79,1.0050000000000001
2025-12-10T21:48:02.056033,0.205,0.795,1.0
2025-12-10T21:48:02.698382,0.195,0.805,1.0
2025-12-10T21:48:03.437418,0.205,0.795,1.0
2025-12-10T21:48:04.156175,0.205,0.795,1.0
2025-12-10T21:48:04.849850,0.19,0.805,0.9950000000000001
2025-12-10T21:48:05.560442,0.185,0.815,1.0
2025-12-10T21:48:06.212575,0.18,0.82,1.0
2025-12-10T21:48:06.901227,0.18,0.795,0.9750000000000001
2025-12-10T21:48:07.527175,0.205,0.795,1.0
2025-12-10T21:48:08.222791,0.185,0.815,1.0
2025-12-10T21:48:08.890756,0.195,0.805,1.0
2025-12-10T21:48:09.529454,0.205,0.795,1.0
2025-12-10T21:48:10.196045,0.21,0.785,0.995
2025-12-10T21:48:10.905413,0.215,0.785,1.0
2025-12-10T21:48:11.557307,0.205,0.795,1.0
2025-12-10T21:48:12.219450,0.215,0.785,1.0
2025-12-10T21:48:12.875854,0.225,0.775,1.0
2025-12-10T21:48:11.814277,0.23,0.77,1.0
2025-12-10T21:48:12.450957,0.235,0.755,0.99
2025-12-10T21:48:13.085960,0.245,0.755,1.0
2025-12-10T21:48:13.741311,0.235,0.765,1.0
2025-12-10T21:48:14.454568,0.245,0.755,1.0
2025-12-10T21:48:15.103107,0.255,0.745,1.0
2025-12-10T21:48:15.782889,0.255,0.745,1.0
2025-12-10T21:48:16.411369,0.245,0.76,1.005
2025-12-10T21:48:17.045535,0.235,0.765,1.0
2025-12-10T21:48:17.669148,0.235,0.765,1.0
2025-12-10T21:48:18.336616,0.235,0.765,1.0
2025-12-10T21:48:19.020403,0.245,0.755,1.0
2025-12-10T21:48:19.685117,0.225,0.775,1.0
2025-12-10T21:48:20.338764,0.25,0.75,1.0
2025-12-10T21:48:21.003397,0.255,0.745,1.0
2025-12-10T21:48:21.753461,0.26,0.74,1.0
2025-12-10T21:48:22.434858,0.275,0.725,1.0
2025-12-10T21:48:23.080064,0.275,0.725,1.0
2025-12-10T21:48:23.777038,0.275,0.725,1.0
2025-12-10T21:48:24.656533,0.275,0.725,1.0
2025-12-10T21:48:25.354232,0.275,0.725,1.0
2025-12-10T21:48:26.049061,0.25,0.75,1.0
2025-12-10T21:48:26.756295,0.255,0.745,1.0
2025-12-10T21:48:27.382581,0.255,0.745,1.0
2025-12-10T21:48:28.060064,0.255,0.745,1.0
2025-12-10T21:48:28.745439,0.25,0.755,1.005
2025-12-10T21:48:29.405458,0.245,0.755,1.0
2025-12-10T21:48:30.078764,0.235,0.765,1.0
2025-12-10T21:48:30.726193,0.235,0.765,1.0
2025-12-10T21:48:31.391199,0.24,0.765,1.005
2025-12-10T21:48:32.027412,0.245,0.755,1.0
2025-12-10T21:48:32.731631,0.255,0.745,1.0
2025-12-10T21:48:33.457168,0.255,0.745,1.0
2025-12-10T21:48:34.089152,0.25,0.75,1.0
2025-12-10T21:48:34.740519,0.255,0.75,1.005
2025-12-10T21:48:35.451772,0.235,0.765,1.0
2025-12-10T21:48:36.085631,0.235,0.765,1.0
2025-12-10T21:48:36.734046,0.245,0.76,1.005
2025-12-10T21:48:37.387384,0.235,0.765,1.0
2025-12-10T21:48:38.025919,0.225,0.775,1.0
2025-12-10T21:48:38.658041,0.22,0.78,1.0
2025-12-10T21:48:39.329866,0.22,0.78,1.0
2025-12-10T21:48:39.962188,0.225,0.775,1.0
2025-12-10T21:48:40.594097,0.22,0.78,1.0
2025-12-10T21:48:41.229490,0.215,0.78,0.995
2025-12-10T21:48:41.848961,0.225,0.775,1.0
2025-12-10T21:48:42.500782,0.225,0.775,1.0
2025-12-10T21:48:43.205522,0.235,0.765,1.0
2025-12-10T21:48:43.832114,0.245,0.76,1.005
2025-12-10T21:48:42.865734,0.235,0.765,1.0
2025-12-10T21:48:43.571305,0.235,0.765,1.0
2025-12-10T21:48:44.191197,0.245,0.755,1.0
2025-12-10T21:48:44.845216,0.245,0.755,1.0
2025-12-10T21:48:45.470447,0.225,0.775,1.0
2025-12-10T21:48:46.135991,0.215,0.785,1.0
2025-12-10T21:48:46.884318,0.215,0.785,1.0
2025-12-10T21:48:47.537870,0.215,0.785,1.0
2025-12-10T21:48:48.248744,0.215,0.785,1.0
2025-12-10T21:48:48.879647,0.215,0.785,1.0
2025-12-10T21:48:49.619098,0.215,0.785,1.0
2025-12-10T21:48:50.294053,0.205,0.795,1.0
2025-12-10T21:48:50.999669,0.205,0.795,1.0
2025-12-10T21:48:51.624718,0.205,0.795,1.0
2025-12-10T21:48:52.295058,0.205,0.795,1.0
2025-12-10T21:48:52.975048,0.205,0.795,1.0
2025-12-10T21:48:53.613210,0.195,0.81,1.0050000000000001
2025-12-10T21:48:54.281390,0.185,0.815,1.0
2025-12-10T21:48:54.901667,0.185,0.815,1.0
2025-12-10T21:48:55.582890,0.18,0.82,1.0
2025-12-10T21:48:56.205528,0.18,0.82,1.0
2025-12-10T21:48:56.850227,0.18,0.82,1.0
2025-12-10T21:48:57.574357,0.18,0.82,1.0
2025-12-10T21:48:58.313597,0.185,0.815,1.0
2025-12-10T21:48:59.013996,0.2,0.8,1.0
2025-12-10T21:48:59.683314,0.21,0.79,1.0
2025-12-10T21:49:00.346263,0.21,0.79,1.0
2025-12-10T21:49:00.999329,0.205,0.8,1.0050000000000001
2025-12-10T21:49:01.625130,0.215,0.785,1.0
2025-12-10T21:49:02.260595,0.185,0.815,1.0
2025-12-10T21:49:02.910122,0.175,0.83,1.005
2025-12-10T21:49:03.605191,0.165,0.835,1.0
2025-12-10T21:49:04.267421,0.155,0.845,1.0
2025-12-10T21:49:04.911395,0.155,0.845,1.0
2025-12-10T21:49:05.582174,0.155,0.845,1.0
2025-12-10T21:49:06.241046,0.155,0.845,1.0
2025-12-10T21:49:06.873196,0.16,0.84,1.0
2025-12-10T21:49:07.496283,0.165,0.835,1.0
2025-12-10T21:49:08.177226,0.165,0.835,1.0
2025-12-10T21:49:08.811955,0.185,0.81,0.9950000000000001
2025-12-10T21:49:09.492990,0.195,0.805,1.0
2025-12-10T21:49:10.137143,0.205,0.795,1.0
2025-12-10T21:49:10.785418,0.215,0.785,1.0
2025-12-10T21:49:11.485156,0.205,0.795,1.0
2025-12-10T21:49:12.223165,0.195,0.805,1.0
2025-12-10T21:49:12.962632,0.195,0.805,1.0
2025-12-10T21:49:13.657974,0.2,0.795,0.9950000000000001
2025-12-10T21:49:14.311767,0.195,0.8,0.9950000000000001
2025-12-10T21:49:13.339140,0.205,0.795,1.0
2025-12-10T21:49:14.069627,0.22,0.78,1.0
2025-12-10T21:49:14.711852,0.215,0.785,1.0
2025-12-10T21:49:15.348041,0.21,0.79,1.0
2025-12-10T21:49:16.087460,0.225,0.775,1.0
2025-12-10T21:49:16.764434,0.225,0.775,1.0
2025-12-10T21:49:17.408643,0.23,0.77,1.0
2025-12-10T21:49:18.139145,0.225,0.775,1.0
2025-12-10T21:49:18.825285,0.225,0.775,1.0
2025-12-10T21:49:19.492689,0.225,0.775,1.0
2025-12-10T21:49:20.168827,0.23,0.77,1.0
2025-12-10T21:49:20.929646,0.22,0.785,1.0050000000000001
2025-12-10T21:49:21.598373,0.21,0.79,1.0
2025-12-10T21:49:22.257606,0.215,0.775,0.99
2025-12-10T21:49:22.941064,0.235,0.765,1.0
2025-12-10T21:49:23.740994,0.235,0.765,1.0
2025-12-10T21:49:24.379960,0.245,0.755,1.0
2025-12-10T21:49:25.005021,0.23,0.77,1.0
2025-12-10T21:49:25.648772,0.225,0.775,1.0
2025-12-10T21:49:26.274123,0.225,0.775,1.0
2025-12-10T21:49:26.898536,0.22,0.78,1.0
2025-12-10T21:49:27.538731,0.22,0.78,1.0
2025-12-10T21:49:28.175050,0.225,0.775,1.0
2025-12-10T21:49:28.811217,0.225,0.775,1.0
2025-12-10T21:49:29.450710,0.215,0.785,1.0
2025-12-10T21:49:30.082801,0.215,0.79,1.0050000000000001
2025-12-10T21:49:30.716122,0.21,0.79,1.0
2025-12-10T21:49:31.377785,0.22,0.78,1.0
2025-12-10T21:49:32.013266,0.21,0.795,1.0050000000000001
2025-12-10T21:49:32.663168,0.21,0.79,1.0
2025-12-10T21:49:33.306437,0.215,0.785,1.0
2025-12-10T21:49:33.947881,0.22,0.78,1.0
2025-12-10T21:49:34.577738,0.21,0.79,1.0
2025-12-10T21:49:35.210308,0.205,0.795,1.0
2025-12-10T21:49:35.854352,0.185,0.81,0.9950000000000001
2025-12-10T21:49:36.477211,0.185,0.815,1.0
2025-12-10T21:49:37.108017,0.185,0.815,1.0
2025-12-10T21:49:37.777714,0.185,0.81,0.9950000000000001
2025-12-10T21:49:38.391549,0.195,0.805,1.0
2025-12-10T21:49:39.109464,0.205,0.795,1.0
2025-12-10T21:49:39.760484,0.215,0.785,1.0
2025-12-10T21:49:40.378166,0.215,0.785,1.0
2025-12-10T21:49:40.996781,0.215,0.785,1.0
2025-12-10T21:49:41.627947,0.205,0.775,0.98
2025-12-10T21:49:42.248240,0.23,0.765,0.995
2025-12-10T21:49:42.903319,0.235,0.765,1.0
2025-12-10T21:49:43.567394,0.245,0.755,1.0
2025-12-10T21:49:44.235445,0.255,0.745,1.0
2025-12-10T21:49:44.903055,0.235,0.765,1.0
2025-12-10T21:49:43.869408,0.23,0.77,1.0
2025-12-10T21:49:44.584097,0.225,0.775,1.0
2025-12-10T21:49:45.251013,0.225,0.775,1.0
2025-12-10T21:49:45.919442,0.23,0.77,1.0
2025-12-10T21:49:46.611248,0.235,0.765,1.0
2025-12-10T21:49:47.257255,0.24,0.76,1.0
2025-12-10T21:49:47.959614,0.245,0.755,1.0
2025-12-10T21:49:48.613501,0.245,0.755,1.0
2025-12-10T21:49:49.290074,0.225,0.775,1.0
2025-12-10T21:49:49.958847,0.225,0.78,1.0050000000000001
2025-12-10T21:49:50.640273,0.22,0.78,1.0
2025-12-10T21:49:51.315962,0.22,0.78,1.0
2025-12-10T21:49:51.992138,0.22,0.78,1.0
2025-12-10T21:49:52.646876,0.225,0.775,1.0
2025-12-10T21:49:53.281018,0.235,0.765,1.0
2025-12-10T21:49:53.904400,0.235,0.765,1.0
2025-12-10T21:49:54.553122,0.235,0.765,1.0
2025-12-10T21:49:55.207935,0.24,0.76,1.0
2025-12-10T21:49:55.858615,0.23,0.77,1.0
2025-12-10T21:49:56.522849,0.225,0.775,1.0
2025-12-10T21:49:57.150187,0.23,0.77,1.0
2025-12-10T21:49:57.821144,0.23,0.77,1.0
2025-12-10T21:49:58.496338,0.225,0.775,1.0
2025-12-10T21:49:59.180743,0.225,0.765,0.99
2025-12-10T21:49:59.816611,0.245,0.755,1.0
2025-12-10T21:50:00.489146,0.245,0.75,0.995
2025-12-10T21:50:01.139507,0.255,0.745,1.0
2025-12-10T21:50:01.801076,0.26,0.735,0.995
2025-12-10T21:50:02.457448,0.26,0.74,1.0
2025-12-10T21:50:03.086673,0.255,0.74,0.995
2025-12-10T21:50:03.727494,0.265,0.735,1.0
2025-12-10T21:50:04.396432,0.255,0.745,1.0
2025-12-10T21:50:05.093470,0.245,0.755,1.0
2025-12-10T21:50:05.726642,0.235,0.765,1.0
2025-12-10T21:50:06.382631,0.255,0.745,1.0
2025-12-10T21:50:07.110738,0.265,0.735,1.0
2025-12-10T21:50:07.744150,0.265,0.735,1.0
2025-12-10T21:50:08.383085,0.265,0.735,1.0
2025-12-10T21:50:09.066929,0.24,0.76,1.0
2025-12-10T21:50:09.728627,0.24,0.76,1.0
2025-12-10T21:50:10.378015,0.235,0.765,1.0
2025-12-10T21:50:11.061808,0.225,0.775,1.0
2025-12-10T21:50:11.733074,0.22,0.77,0.99
2025-12-10T21:50:12.417999,0.235,0.765,1.0
2025-12-10T21:50:13.070472,0.225,0.775,1.0
2025-12-10T21:50:13.720763,0.22,0.78,1.0
2025-12-10T21:50:14.409154,0.225,0.775,1.0
2025-12-10T21:50:15.069615,0.235,0.755,0.99
2025-12-10T21:50:14.036429,0.245,0.755,1.0
2025-12-10T21:50:14.672907,0.225,0.775,1.0
2025-12-10T21:50:15.328750,0.23,0.77,1.0
2025-12-10T21:50:15.943158,0.235,0.765,1.0
2025-12-10T21:50:16.577785,0.235,0.765,1.0
2025-12-10T21:50:17.246420,0.23,0.775,1.0050000000000001
2025-12-10T21:50:17.881955,0.21,0.795,1.0050000000000001
2025-12-10T21:50:18.509605,0.205,0.8,1.0050000000000001
2025-12-10T21:50:19.132172,0.205,0.795,1.0
2025-12-10T21:50:19.775112,0.2,0.8,1.0
2025-12-10T21:50:20.422673,0.205,0.795,1.0
2025-12-10T21:50:21.048166,0.21,0.79,1.0
2025-12-10T21:50:21.701093,0.215,0.785,1.0
2025-12-10T21:50:22.339478,0.22,0.775,0.995
2025-12-10T21:50:23.007667,0.225,0.775,1.0
2025-12-10T21:50:23.671266,0.235,0.765,1.0
2025-12-10T21:50:24.282957,0.225,0.77,0.995
2025-12-10T21:50:24.922660,0.225,0.775,1.0
2025-12-10T21:50:25.586542,0.235,0.765,1.0
2025-12-10T21:50:26.228241,0.24,0.76,1.0
2025-12-10T21:50:26.857879,0.245,0.755,1.0
2025-12-10T21:50:27.497688,0.245,0.755,1.0
2025-12-10T21:50:28.201188,0.235,0.765,1.0
2025-12-10T21:50:28.840905,0.235,0.765,1.0
2025-12-10T21:50:29.476984,0.215,0.785,1.0
2025-12-10T21:50:30.119228,0.215,0.785,1.0
2025-12-10T21:50:30.760835,0.215,0.785,1.0
2025-12-10T21:50:31.400133,0.215,0.785,1.0
2025-12-10T21:50:32.029366,0.22,0.78,1.0
2025-12-10T21:50:32.712157,0.215,0.785,1.0
2025-12-10T21:50:33.359912,0.195,0.805,1.0
2025-12-10T21:50:33.986853,0.195,0.805,1.0
2025-12-10T21:50:34.677737,0.215,0.785,1.0
2025-12-10T21:50:35.343767,0.215,0.785,1.0
2025-12-10T21:50:35.968353,0.215,0.785,1.0
2025-12-10T21:50:36.598835,0.21,0.79,1.0
2025-12-10T21:50:37.326503,0.22,0.775,0.995
2025-12-10T21:50:38.277722,0.215,0.785,1.0
2025-12-10T21:50:38.898413,0.22,0.775,0.995
2025-12-10T21:50:39.548746,0.225,0.775,1.0
2025-12-10T21:50:40.189600,0.215,0.785,1.0
2025-12-10T21:50:40.838529,0.215,0.79,1.0050000000000001
2025-12-10T21:50:41.463555,0.21,0.79,1.0
2025-12-10T21:50:42.143598,0.21,0.79,1.0
2025-12-10T21:50:42.789547,0.195,0.805,1.0
2025-12-10T21:50:43.415612,0.185,0.815,1.0
2025-12-10T21:50:44.050252,0.175,0.825,1.0
2025-12-10T21:50:44.740097,0.17,0.83,1.0
2025-12-10T21:50:45.405697,0.165,0.835,1.0
2025-12-10T21:50:46.054569,0.175,0.825,1.0
2025-12-10T21:50:45.016584,0.175,0.825,1.0
2025-12-10T21:50:45.658267,0.185,0.815,1.0
2025-12-10T21:50:46.328634,0.195,0.805,1.0
2025-12-10T21:50:47.038335,0.165,0.835,1.0
2025-12-10T21:50:47.683231,0.165,0.845,1.01
2025-12-10T21:50:48.321188,0.155,0.845,1.0
2025-12-10T21:50:48.981374,0.145,0.855,1.0
2025-12-10T21:50:49.643488,0.15,0.845,0.995
2025-12-10T21:50:50.286144,0.16,0.84,1.0
2025-12-10T21:50:50.924394,0.155,0.845,1.0
2025-12-10T21:50:51.603560,0.165,0.835,1.0
2025-12-10T21:50:52.228261,0.175,0.825,1.0
2025-12-10T21:50:52.895166,0.185,0.82,1.005
2025-12-10T21:50:53.529548,0.165,0.835,1.0
2025-12-10T21:50:54.180607,0.165,0.835,1.0
2025-12-10T21:50:54.826677,0.175,0.825,1.0
2025-12-10T21:50:55.453702,0.175,0.825,1.0
2025-12-10T21:50:56.139861,0.175,0.825,1.0
2025-12-10T21:50:56.831825,0.175,0.825,1.0
2025-12-10T21:50:57.576017,0.165,0.835,1.0
2025-12-10T21:50:58.206431,0.16,0.84,1.0
2025-12-10T21:50:58.823434,0.155,0.845,1.0
2025-12-10T21:50:59.469213,0.145,0.855,1.0
2025-12-10T21:51:00.136273,0.145,0.855,1.0
2025-12-10T21:51:00.783461,0.145,0.855,1.0
2025-12-10T21:51:01.419567,0.145,0.855,1.0
2025-12-10T21:51:02.134871,0.145,0.855,1.0
2025-12-10T21:51:02.766026,0.145,0.855,1.0
2025-12-10T21:51:03.401919,0.13,0.875,1.005
2025-12-10T21:51:04.083500,0.125,0.875,1.0
2025-12-10T21:51:04.774489,0.115,0.885,1.0
2025-12-10T21:51:05.395789,0.115,0.885,1.0
2025-12-10T21:51:06.023744,0.105,0.895,1.0
2025-12-10T21:51:06.643232,0.105,0.895,1.0
2025-12-10T21:51:07.258735,0.105,0.895,1.0
2025-12-10T21:51:07.899462,0.105,0.895,1.0
2025-12-10T21:51:08.560493,0.105,0.895,1.0
2025-12-10T21:51:09.202993,0.115,0.885,1.0
2025-12-10T21:51:09.832830,0.125,0.875,1.0
2025-12-10T21:51:10.481953,0.125,0.875,1.0
2025-12-10T21:51:11.112154,0.135,0.865,1.0
2025-12-10T21:51:11.760055,0.135,0.865,1.0
2025-12-10T21:51:12.389810,0.135,0.865,1.0
2025-12-10T21:51:13.023690,0.135,0.865,1.0
2025-12-10T21:51:13.683718,0.135,0.865,1.0
2025-12-10T21:51:14.297374,0.135,0.865,1.0
2025-12-10T21:51:14.919361,0.13,0.875,1.005
2025-12-10T21:51:15.549322,0.115,0.885,1.0
2025-12-10T21:51:16.173459,0.105,0.895,1.0
2025-12-10T21:51:15.137786,0.105,0.895,1.0
2025-12-10T21:51:15.827417,0.105,0.895,1.0
2025-12-10T21:51:16.458683,0.105,0.895,1.0
2025-12-10T21:51:17.068920,0.105,0.895,1.0
2025-12-10T21:51:17.699807,0.105,0.895,1.0
2025-12-10T21:51:18.359511,0.105,0.895,1.0
2025-12-10T21:51:18.983276,0.105,0.895,1.0
2025-12-10T21:51:19.657043,0.105,0.895,1.0
2025-12-10T21:51:20.293644,0.115,0.885,1.0
2025-12-10T21:51:20.960481,0.115,0.885,1.0
2025-12-10T21:51:21.595830,0.11,0.89,1.0
2025-12-10T21:51:22.239209,0.105,0.895,1.0
2025-12-10T21:51:22.886155,0.105,0.895,1.0
2025-12-10T21:51:23.519007,0.105,0.895,1.0
2025-12-10T21:51:24.156706,0.105,0.895,1.0
2025-12-10T21:51:24.851003,0.105,0.895,1.0
2025-12-10T21:51:25.475346,0.105,0.895,1.0
2025-12-10T21:51:26.091947,0.11,0.89,1.0
2025-12-10T21:51:26.736537,0.105,0.895,1.0
2025-12-10T21:51:27.362198,0.085,0.915,1.0
2025-12-10T21:51:27.972992,0.085,0.915,1.0
2025-12-10T21:51:28.602793,0.075,0.925,1.0
2025-12-10T21:51:29.237236,0.065,0.935,1.0
2025-12-10T21:51:29.900170,0.065,0.935,1.0
2025-12-10T21:51:30.554919,0.065,0.935,1.0
2025-12-10T21:51:31.192762,0.065,0.935,1.0
2025-12-10T21:51:31.882364,0.06,0.945,1.005
2025-12-10T21:51:32.574442,0.055,0.945,1.0
2025-12-10T21:51:33.206150,0.055,0.945,1.0
2025-12-10T21:51:33.843439,0.07,0.94,1.01
2025-12-10T21:51:34.477646,0.065,0.935,1.0
2025-12-10T21:51:35.117238,0.065,0.935,1.0
2025-12-10T21:51:35.758284,0.06,0.94,1.0
2025-12-10T21:51:36.385004,0.065,0.935,1.0
2025-12-10T21:51:37.019789,0.065,0.93,0.9950000000000001
2025-12-10T21:51:37.684934,0.06,0.94,1.0
2025-12-10T21:51:38.302339,0.055,0.945,1.0
2025-12-10T21:51:38.914452,0.055,0.945,1.0
2025-12-10T21:51:39.556620,0.065,0.935,1.0
2025-12-10T21:51:40.196846,0.055,0.945,1.0
2025-12-10T21:51:40.873191,0.065,0.935,1.0
2025-12-10T21:51:41.511761,0.065,0.935,1.0
2025-12-10T21:51:42.161687,0.065,0.935,1.0
2025-12-10T21:51:42.811095,0.065,0.935,1.0
2025-12-10T21:51:43.428476,0.055,0.945,1.0
2025-12-10T21:51:44.045653,0.045,0.955,1.0
2025-12-10T21:51:44.679505,0.045,0.955,1.0
2025-12-10T21:51:45.339485,0.045,0.955,1.0
2025-12-10T21:51:46.023709,0.045,0.955,1.0
2025-12-10T21:51:46.642124,0.045,0.955,1.0
2025-12-10T21:51:47.280145,0.045,0.955,1.0
2025-12-10T21:51:46.219076,0.045,0.955,1.0
2025-12-10T21:51:46.841571,0.045,0.955,1.0
2025-12-10T21:51:47.459320,0.045,0.955,1.0
2025-12-10T21:51:48.104340,0.045,0.955,1.0
2025-12-10T21:51:48.730272,0.045,0.955,1.0
2025-12-10T21:51:49.386866,0.045,0.955,1.0
2025-12-10T21:51:50.037310,0.045,0.955,1.0
2025-12-10T21:51:50.671257,0.045,0.955,1.0
2025-12-10T21:51:51.306343,0.045,0.955,1.0
2025-12-10T21:51:51.929922,0.045,0.955,1.0
2025-12-10T21:51:52.570106,0.045,0.955,1.0
2025-12-10T21:51:53.209196,0.045,0.955,1.0
2025-12-10T21:51:53.867068,0.04,0.955,0.995
2025-12-10T21:51:54.492142,0.035,0.965,1.0
2025-12-10T21:51:55.114656,0.035,0.965,1.0
2025-12-10T21:51:55.739026,0.035,0.965,1.0
2025-12-10T21:51:56.357470,0.035,0.965,1.0
2025-12-10T21:51:56.981098,0.035,0.965,1.0
2025-12-10T21:51:57.593806,0.04,0.96,1.0
2025-12-10T21:51:58.246680,0.035,0.965,1.0
2025-12-10T21:51:58.888098,0.035,0.965,1.0
2025-12-10T21:51:59.509113,0.045,0.96,1.005
2025-12-10T21:52:00.129372,0.035,0.965,1.0
2025-12-10T21:52:00.773779,0.035,0.965,1.0
2025-12-10T21:52:01.396722,0.035,0.965,1.0
2025-12-10T21:52:02.050937,0.035,0.965,1.0
2025-12-10T21:52:02.708540,0.035,0.965,1.0
2025-12-10T21:52:03.347459,0.045,0.955,1.0
2025-12-10T21:52:03.964701,0.045,0.955,1.0
2025-12-10T21:52:04.587493,0.035,0.965,1.0
2025-12-10T21:52:05.284204,0.045,0.955,1.0
2025-12-10T21:52:05.953188,0.045,0.955,1.0
2025-12-10T21:52:06.577687,0.045,0.955,1.0
2025-12-10T21:52:07.215454,0.045,0.955,1.0
2025-12-10T21:52:07.950396,0.035,0.965,1.0
2025-12-10T21:52:08.577407,0.035,0.965,1.0
2025-12-10T21:52:09.217286,0.035,0.965,1.0
2025-12-10T21:52:09.864028,0.035,0.965,1.0
2025-12-10T21:52:10.512688,0.035,0.965,1.0
2025-12-10T21:52:11.162798,0.035,0.965,1.0
2025-12-10T21:52:11.792519,0.035,0.965,1.0
2025-12-10T21:52:12.431378,0.045,0.955,1.0
2025-12-10T21:52:13.063610,0.055,0.945,1.0
2025-12-10T21:52:13.688028,0.055,0.95,1.005
2025-12-10T21:52:14.335879,0.055,0.945,1.0
2025-12-10T21:52:14.993244,0.055,0.95,1.005
2025-12-10T21:52:15.624487,0.04,0.96,1.0
2025-12-10T21:52:16.265522,0.05,0.95,1.0
2025-12-10T21:52:16.919111,0.055,0.94,0.995
2025-12-10T21:52:17.546345,0.065,0.935,1.0
2025-12-10T21:52:16.476690,0.045,0.955,1.0
2025-12-10T21:52:17.101195,0.045,0.955,1.0
2025-12-10T21:52:17.736105,0.055,0.95,1.005
2025-12-10T21:52:18.389995,0.045,0.955,1.0
2025-12-10T21:52:19.026056,0.055,0.945,1.0
2025-12-10T21:52:19.671538,0.055,0.945,1.0
2025-12-10T21:52:20.296358,0.06,0.94,1.0
2025-12-10T21:52:20.923132,0.05,0.95,1.0
2025-12-10T21:52:21.543708,0.06,0.95,1.01
2025-12-10T21:52:22.226606,0.045,0.955,1.0
2025-12-10T21:52:22.861528,0.045,0.955,1.0
2025-12-10T21:52:23.467837,0.045,0.955,1.0
2025-12-10T21:52:24.108237,0.045,0.95,0.995
2025-12-10T21:52:24.774363,0.055,0.945,1.0
2025-12-10T21:52:25.411467,0.055,0.945,1.0
2025-12-10T21:52:26.024587,0.045,0.955,1.0
2025-12-10T21:52:26.641671,0.045,0.955,1.0
2025-12-10T21:52:27.287804,0.045,0.95,0.995
2025-12-10T21:52:27.921207,0.055,0.945,1.0
2025-12-10T21:52:28.538372,0.055,0.95,1.005
2025-12-10T21:52:29.145526,0.04,0.96,1.0
2025-12-10T21:52:29.791036,0.045,0.955,1.0
2025-12-10T21:52:30.491290,0.045,0.955,1.0
2025-12-10T21:52:31.126157,0.045,0.955,1.0
2025-12-10T21:52:31.780101,0.045,0.955,1.0
2025-12-10T21:52:32.452756,0.045,0.955,1.0
2025-12-10T21:52:33.133143,0.045,0.955,1.0
2025-12-10T21:52:33.785238,0.04,0.96,1.0
2025-12-10T21:52:34.404049,0.035,0.96,0.995
2025-12-10T21:52:35.070719,0.045,0.955,1.0
2025-12-10T21:52:35.700321,0.045,0.955,1.0
2025-12-10T21:52:36.356639,0.045,0.955,1.0
2025-12-10T21:52:36.988142,0.045,0.955,1.0
2025-12-10T21:52:37.615948,0.045,0.955,1.0
2025-12-10T21:52:38.224826,0.035,0.965,1.0
2025-12-10T21:52:38.850973,0.045,0.955,1.0
2025-12-10T21:52:39.499269,0.045,0.955,1.0
2025-12-10T21:52:40.142524,0.04,0.96,1.0
2025-12-10T21:52:40.794798,0.035,0.965,1.0
2025-12-10T21:52:41.446762,0.035,0.965,1.0
2025-12-10T21:52:42.104725,0.035,0.965,1.0
2025-12-10T21:52:42.756153,0.035,0.965,1.0
2025-12-10T21:52:43.371097,0.035,0.965,1.0
2025-12-10T21:52:43.992447,0.035,0.965,1.0
2025-12-10T21:52:44.621174,0.035,0.965,1.0
2025-12-10T21:52:45.285660,0.035,0.965,1.0
2025-12-10T21:52:45.928981,0.025,0.975,1.0
2025-12-10T21:52:46.612120,0.025,0.975,1.0
2025-12-10T21:52:47.322697,0.025,0.975,1.0
2025-12-10T21:52:48.008588,0.025,0.975,1.0
2025-12-10T21:52:46.903069,0.03,0.975,1.005
2025-12-10T21:52:47.560669,0.025,0.97,0.995
2025-12-10T21:52:48.170857,0.025,0.975,1.0
2025-12-10T21:52:48.815824,0.025,0.975,1.0
2025-12-10T21:52:49.464959,0.025,0.975,1.0
2025-12-10T21:52:50.086958,0.025,0.975,1.0
2025-12-10T21:52:50.739564,0.025,0.975,1.0
2025-12-10T21:52:51.363662,0.025,0.975,1.0
2025-12-10T21:52:52.000688,0.025,0.975,1.0
2025-12-10T21:52:52.619717,0.025,0.975,1.0
2025-12-10T21:52:53.252026,0.025,0.975,1.0
2025-12-10T21:52:53.861877,0.025,0.975,1.0
2025-12-10T21:52:54.485250,0.025,0.975,1.0
2025-12-10T21:52:55.115580,0.025,0.975,1.0
2025-12-10T21:52:55.733132,0.025,0.975,1.0
2025-12-10T21:52:56.364807,0.025,0.975,1.0
2025-12-10T21:52:56.988988,0.025,0.975,1.0
2025-12-10T21:52:57.627189,0.025,0.975,1.0
2025-12-10T21:52:58.267696,0.025,0.975,1.0
2025-12-10T21:52:58.901397,0.025,0.975,1.0
2025-12-10T21:52:59.528478,0.025,0.975,1.0
2025-12-10T21:53:00.173589,0.025,0.975,1.0
2025-12-10T21:53:00.800445,0.025,0.975,1.0
2025-12-10T21:53:01.405338,0.025,0.975,1.0
2025-12-10T21:53:02.045511,0.025,0.975,1.0
2025-12-10T21:53:02.685190,0.025,0.975,1.0
2025-12-10T21:53:03.319011,0.025,0.975,1.0
2025-12-10T21:53:03.940740,0.025,0.975,1.0
2025-12-10T21:53:04.585493,0.025,0.975,1.0
2025-12-10T21:53:05.233151,0.025,0.975,1.0
2025-12-10T21:53:05.922006,0.025,0.975,1.0
2025-12-10T21:53:06.530291,0.025,0.975,1.0
2025-12-10T21:53:07.151547,0.025,0.975,1.0
2025-12-10T21:53:07.782443,0.025,0.975,1.0
2025-12-10T21:53:08.450664,0.025,0.975,1.0
2025-12-10T21:53:09.075852,0.025,0.975,1.0
2025-12-10T21:53:09.717189,0.035,0.965,1.0
2025-12-10T21:53:10.354940,0.035,0.965,1.0
2025-12-10T21:53:10.963161,0.035,0.965,1.0
2025-12-10T21:53:11.614295,0.035,0.965,1.0
2025-12-10T21:53:12.261019,0.035,0.965,1.0
2025-12-10T21:53:12.894769,0.03,0.97,1.0
2025-12-10T21:53:13.529786,0.025,0.975,1.0
2025-12-10T21:53:14.175178,0.025,0.975,1.0
2025-12-10T21:53:14.813605,0.025,0.975,1.0
2025-12-10T21:53:15.452238,0.025,0.975,1.0
2025-12-10T21:53:16.069771,0.025,0.975,1.0
2025-12-10T21:53:16.686828,0.025,0.975,1.0
2025-12-10T21:53:17.329875,0.025,0.975,1.0
2025-12-10T21:53:17.963891,0.04,0.96,1.0
2025-12-10T21:53:18.606408,0.035,0.965,1.0
2025-12-10T21:53:17.530213,0.035,0.965,1.0
2025-12-10T21:53:18.174457,0.035,0.965,1.0
2025-12-10T21:53:18.786383,0.035,0.965,1.0
2025-12-10T21:53:19.463454,0.035,0.965,1.0
2025-12-10T21:53:20.113575,0.035,0.965,1.0
2025-12-10T21:53:20.749324,0.025,0.975,1.0
2025-12-10T21:53:21.412361,0.025,0.975,1.0
2025-12-10T21:53:22.027248,0.035,0.965,1.0
2025-12-10T21:53:22.691994,0.035,0.965,1.0
2025-12-10T21:53:23.348685,0.035,0.965,1.0
2025-12-10T21:53:23.975833,0.035,0.965,1.0
2025-12-10T21:53:24.616069,0.035,0.965,1.0
2025-12-10T21:53:25.240629,0.04,0.96,1.0
2025-12-10T21:53:25.870727,0.035,0.965,1.0
2025-12-10T21:53:26.506256,0.035,0.965,1.0
2025-12-10T21:53:27.126986,0.035,0.965,1.0
2025-12-10T21:53:27.772457,0.035,0.965,1.0
2025-12-10T21:53:28.385055,0.035,0.965,1.0
2025-12-10T21:53:29.064354,0.035,0.965,1.0
2025-12-10T21:53:29.709358,0.035,0.965,1.0
2025-12-10T21:53:30.324704,0.025,0.975,1.0
2025-12-10T21:53:30.944367,0.025,0.975,1.0
2025-12-10T21:53:31.592870,0.03,0.97,1.0
2025-12-10T21:53:32.207773,0.035,0.965,1.0
2025-12-10T21:53:32.884578,0.045,0.955,1.0
2025-12-10T21:53:33.506679,0.025,0.975,1.0
2025-12-10T21:53:34.140366,0.025,0.975,1.0
2025-12-10T21:53:34.800282,0.025,0.975,1.0
2025-12-10T21:53:35.439463,0.025,0.975,1.0
2025-12-10T21:53:36.080900,0.025,0.975,1.0
2025-12-10T21:53:36.706303,0.025,0.975,1.0
2025-12-10T21:53:37.345141,0.025,0.975,1.0
2025-12-10T21:53:38.000557,0.025,0.975,1.0
2025-12-10T21:53:38.631503,0.025,0.975,1.0
2025-12-10T21:53:39.252736,0.025,0.975,1.0
2025-12-10T21:53:39.895098,0.025,0.975,1.0
2025-12-10T21:53:40.530434,0.025,0.975,1.0
2025-12-10T21:53:41.173743,0.025,0.975,1.0
2025-12-10T21:53:41.835843,0.025,0.975,1.0
2025-12-10T21:53:42.483961,0.025,0.975,1.0
2025-12-10T21:53:43.127959,0.035,0.965,1.0
2025-12-10T21:53:43.775250,0.035,0.965,1.0
2025-12-10T21:53:44.410780,0.025,0.975,1.0
2025-12-10T21:53:45.033017,0.025,0.975,1.0
2025-12-10T21:53:45.670988,0.025,0.975,1.0
2025-12-10T21:53:46.304905,0.025,0.975,1.0
2025-12-10T21:53:46.933042,0.025,0.975,1.0
2025-12-10T21:53:47.571896,0.025,0.975,1.0
2025-12-10T21:53:48.228167,0.035,0.965,1.0
2025-12-10T21:53:48.860166,0.03,0.97,1.0
2025-12-10T21:53:49.521589,0.025,0.975,1.0
2025-12-10T21:53:48.472874,0.025,0.975,1.0
2025-12-10T21:53:49.126245,0.025,0.975,1.0
2025-12-10T21:53:49.759587,0.03,0.97,1.0
2025-12-10T21:53:50.402399,0.025,0.975,1.0
2025-12-10T21:53:51.050113,0.025,0.975,1.0
2025-12-10T21:53:51.686471,0.025,0.975,1.0
2025-12-10T21:53:52.347895,0.025,0.975,1.0
2025-12-10T21:53:52.994544,0.03,0.97,1.0
2025-12-10T21:53:53.630865,0.025,0.975,1.0
2025-12-10T21:53:54.287880,0.025,0.975,1.0
2025-12-10T21:53:54.958597,0.025,0.975,1.0
2025-12-10T21:53:55.607824,0.025,0.975,1.0
2025-12-10T21:53:56.283337,0.035,0.965,1.0
2025-12-10T21:53:56.915280,0.025,0.975,1.0
2025-12-10T21:53:57.587062,0.025,0.975,1.0
2025-12-10T21:53:58.229057,0.025,0.975,1.0
2025-12-10T21:53:58.884705,0.025,0.975,1.0
2025-12-10T21:53:59.556707,0.025,0.975,1.0
2025-12-10T21:54:00.206555,0.025,0.975,1.0
2025-12-10T21:54:00.841911,0.025,0.975,1.0
2025-12-10T21:54:01.484629,0.025,0.975,1.0
2025-12-10T21:54:02.133391,0.025,0.975,1.0
2025-12-10T21:54:02.812121,0.025,0.975,1.0
2025-12-10T21:54:03.452614,0.025,0.975,1.0
2025-12-10T21:54:04.079877,0.03,0.97,1.0
2025-12-10T21:54:04.709241,0.025,0.975,1.0
2025-12-10T21:54:05.388096,0.025,0.975,1.0
2025-12-10T21:54:06.037130,0.025,0.975,1.0
2025-12-10T21:54:06.740762,0.025,0.975,1.0
2025-12-10T21:54:07.433570,0.025,0.975,1.0
2025-12-10T21:54:08.103129,0.025,0.975,1.0
2025-12-10T21:54:08.757441,0.025,0.975,1.0
2025-12-10T21:54:09.402951,0.025,0.975,1.0
2025-12-10T21:54:10.059292,0.025,0.975,1.0
2025-12-10T21:54:10.691855,0.025,0.975,1.0
2025-12-10T21:54:11.341539,0.025,0.975,1.0
2025-12-10T21:54:11.983571,0.025,0.975,1.0
2025-12-10T21:54:12.644185,0.025,0.975,1.0
2025-12-10T21:54:13.276586,0.025,0.975,1.0
2025-12-10T21:54:13.997387,0.025,0.975,1.0
2025-12-10T21:54:14.623252,0.025,0.975,1.0
2025-12-10T21:54:15.276128,0.025,0.975,1.0
2025-12-10T21:54:15.919980,0.025,0.975,1.0
2025-12-10T21:54:16.531981,0.025,0.975,1.0
2025-12-10T21:54:17.144430,0.025,0.975,1.0
2025-12-10T21:54:17.800930,0.025,0.975,1.0
2025-12-10T21:54:18.448403,0.025,0.975,1.0
2025-12-10T21:54:19.093855,0.025,0.975,1.0
2025-12-10T21:54:19.726433,0.025,0.975,1.0
2025-12-10T21:54:18.666111,0.025,0.975,1.0
2025-12-10T21:54:19.290215,0.025,0.975,1.0
2025-12-10T21:54:19.928113,0.025,0.975,1.0
2025-12-10T21:54:20.553802,0.025,0.975,1.0
2025-12-10T21:54:21.170669,0.025,0.975,1.0
2025-12-10T21:54:21.789761,0.025,0.975,1.0
2025-12-10T21:54:22.440285,0.025,0.975,1.0
2025-12-10T21:54:23.087468,0.025,0.975,1.0
2025-12-10T21:54:23.712829,0.025,0.975,1.0
2025-12-10T21:54:24.342124,0.025,0.975,1.0
2025-12-10T21:54:24.980858,0.025,0.975,1.0
2025-12-10T21:54:25.599572,0.025,0.975,1.0
2025-12-10T21:54:26.229508,0.025,0.975,1.0
2025-12-10T21:54:26.881215,0.025,0.975,1.0
2025-12-10T21:54:27.499818,0.025,0.975,1.0
2025-12-10T21:54:28.125551,0.025,0.975,1.0
2025-12-10T21:54:28.750873,0.025,0.975,1.0
2025-12-10T21:54:29.369492,0.025,0.975,1.0
2025-12-10T21:54:30.000669,0.025,0.975,1.0
2025-12-10T21:54:30.667338,0.025,0.975,1.0
2025-12-10T21:54:31.283647,0.025,0.975,1.0
2025-12-10T21:54:31.936500,0.025,0.975,1.0
2025-12-10T21:54:32.599920,0.025,0.975,1.0
2025-12-10T21:54:33.236166,0.025,0.975,1.0
2025-12-10T21:54:33.941073,0.025,0.975,1.0
2025-12-10T21:54:34.602640,0.025,0.975,1.0
2025-12-10T21:54:35.237211,0.025,0.975,1.0
2025-12-10T21:54:35.876499,0.025,0.975,1.0
2025-12-10T21:54:36.539114,0.025,0.975,1.0
2025-12-10T21:54:37.165666,0.025,0.975,1.0
2025-12-10T21:54:37.823735,0.025,0.975,1.0
2025-12-10T21:54:38.447101,0.025,0.975,1.0
2025-12-10T21:54:39.080197,0.025,0.975,1.0
2025-12-10T21:54:39.708228,0.025,0.975,1.0
2025-12-10T21:54:40.338260,0.025,0.975,1.0
2025-12-10T21:54:40.968741,0.025,0.975,1.0
2025-12-10T21:54:41.619901,0.025,0.975,1.0
2025-12-10T21:54:42.273239,0.015,0.985,1.0
2025-12-10T21:54:42.906544,0.015,0.985,1.0
2025-12-10T21:54:43.528478,0.015,0.985,1.0
2025-12-10T21:54:44.165044,0.015,0.985,1.0
2025-12-10T21:54:44.805657,0.015,0.985,1.0
2025-12-10T21:54:45.423915,0.015,0.985,1.0
2025-12-10T21:54:46.045356,0.015,0.985,1.0
2025-12-10T21:54:46.709308,0.015,0.985,1.0
2025-12-10T21:54:47.355229,0.015,0.985,1.0
2025-12-10T21:54:47.992153,0.015,0.985,1.0
2025-12-10T21:54:48.634832,0.015,0.985,1.0
2025-12-10T21:54:49.280528,0.015,0.985,1.0
2025-12-10T21:54:49.917511,0.015,0.985,1.0
2025-12-10T21:54:50.552500,0.015,0.985,1.0
2025-12-10T21:54:49.523396,0.015,0.985,1.0
2025-12-10T21:54:50.176599,0.015,0.985,1.0
2025-12-10T21:54:50.802729,0.015,0.985,1.0
2025-12-10T21:54:51.426483,0.015,0.985,1.0
2025-12-10T21:54:52.065421,0.015,0.985,1.0
2025-12-10T21:54:52.701407,0.015,0.985,1.0
2025-12-10T21:54:53.338169,0.015,0.985,1.0
2025-12-10T21:54:53.983362,0.015,0.985,1.0
2025-12-10T21:54:54.613151,0.015,0.985,1.0
2025-12-10T21:54:55.258657,0.015,0.985,1.0
2025-12-10T21:54:55.882404,0.015,0.985,1.0
2025-12-10T21:54:56.517908,0.015,0.985,1.0
2025-12-10T21:54:57.151298,0.015,0.985,1.0
2025-12-10T21:54:57.882063,0.015,0.985,1.0
2025-12-10T21:54:58.513126,0.015,0.985,1.0
2025-12-10T21:54:59.129704,0.015,0.985,1.0
2025-12-10T21:54:59.765228,0.015,0.985,1.0
2025-12-10T21:55:00.413479,0.015,0.985,1.0
2025-12-10T21:55:01.082170,0.015,0.985,1.0
2025-12-10T21:55:01.715370,0.015,0.985,1.0
2025-12-10T21:55:02.366445,0.015,0.985,1.0
2025-12-10T21:55:03.040613,0.015,0.985,1.0
2025-12-10T21:55:03.704816,0.015,0.985,1.0
2025-12-10T21:55:04.354265,0.015,0.985,1.0
2025-12-10T21:55:05.006826,0.015,0.985,1.0
2025-12-10T21:55:05.648241,0.015,0.985,1.0
2025-12-10T21:55:06.277678,0.005,0.995,1.0
2025-12-10T21:55:06.959559,0.005,0.995,1.0
2025-12-10T21:55:07.615092,0.005,0.995,1.0
2025-12-10T21:55:08.287094,0.005,0.995,1.0
2025-12-10T21:55:08.933446,0.015,0.985,1.0
2025-12-10T21:55:09.592774,0.015,0.985,1.0
2025-12-10T21:55:10.292105,0.015,0.985,1.0
2025-12-10T21:55:10.948023,0.015,0.985,1.0
2025-12-10T21:55:11.619669,0.005,0.995,1.0
2025-12-10T21:55:12.254633,0.005,0.995,1.0
2025-12-10T21:55:12.931651,0.015,0.985,1.0
2025-12-10T21:55:13.546336,0.015,0.985,1.0
2025-12-10T21:55:14.193098,0.015,0.985,1.0
2025-12-10T21:55:14.846090,0.015,0.985,1.0
2025-12-10T21:55:15.469104,0.015,0.985,1.0
2025-12-10T21:55:16.148530,0.015,0.985,1.0
2025-12-10T21:55:16.764240,0.015,0.985,1.0
2025-12-10T21:55:17.421139,0.015,0.985,1.0
2025-12-10T21:55:18.055060,0.015,0.985,1.0
2025-12-10T21:55:18.676459,0.015,0.985,1.0
2025-12-10T21:55:19.301107,0.015,0.985,1.0
2025-12-10T21:55:19.927488,0.015,0.985,1.0
2025-12-10T21:55:20.573894,0.015,0.985,1.0
2025-12-10T21:55:21.216873,0.015,0.985,1.0
2025-12-10T21:55:20.166007,0.015,0.985,1.0
2025-12-10T21:55:20.807245,0.015,0.985,1.0
2025-12-10T21:55:21.454905,0.015,0.985,1.0
2025-12-10T21:55:22.126452,0.015,0.995,1.01
2025-12-10T21:55:22.764593,0.005,0.995,1.0
2025-12-10T21:55:23.391665,0.005,0.995,1.0
2025-12-10T21:55:24.033315,0.005,0.995,1.0
2025-12-10T21:55:24.658046,0.005,0.995,1.0
2025-12-10T21:55:25.347459,0.005,0.995,1.0
2025-12-10T21:55:25.996342,0.005,0.995,1.0
2025-12-10T21:55:26.612473,0.005,0.995,1.0
2025-12-10T21:55:27.232002,0.005,0.995,1.0
2025-12-10T21:55:27.849416,0.005,0.995,1.0
2025-12-10T21:55:28.462795,0.005,0.995,1.0
2025-12-10T21:55:29.087317,0.005,0.995,1.0
2025-12-10T21:55:29.732639,0.005,0.995,1.0
2025-12-10T21:55:30.379705,0.005,0.995,1.0
2025-12-10T21:55:31.009495,0.005,0.995,1.0
2025-12-10T21:55:31.637990,0.005,0.995,1.0
2025-12-10T21:55:32.314413,0.005,0.995,1.0
2025-12-10T21:55:32.965782,0.005,0.995,1.0
2025-12-10T21:55:33.598932,0.005,0.995,1.0
2025-12-10T21:55:34.230171,0.005,0.995,1.0
2025-12-10T21:55:34.858775,0.005,0.995,1.0
2025-12-10T21:55:35.519509,0.005,0.995,1.0
2025-12-10T21:55:36.146720,0.005,0.995,1.0
2025-12-10T21:55:36.762703,0.005,0.995,1.0
2025-12-10T21:55:37.379622,0.005,0.995,1.0
2025-12-10T21:55:38.017408,0.005,0.995,1.0
2025-12-10T21:55:38.640863,0.005,0.995,1.0
2025-12-10T21:55:39.282694,0.005,0.995,1.0
2025-12-10T21:55:39.902176,0.005,0.995,1.0
2025-12-10T21:55:40.545563,0.005,0.995,1.0
2025-12-10T21:55:41.202033,0.005,0.995,1.0
2025-12-10T21:55:41.831596,0.005,0.995,1.0
2025-12-10T21:55:42.453172,0.005,0.995,1.0
2025-12-10T21:55:43.068429,0.005,0.995,1.0
2025-12-10T21:55:43.689644,0.005,0.995,1.0
2025-12-10T21:55:44.305666,0.005,0.995,1.0
2025-12-10T21:55:44.918560,0.005,0.995,1.0
2025-12-10T21:55:45.549972,0.005,0.995,1.0
2025-12-10T21:55:46.171653,0.005,0.995,1.0
2025-12-10T21:55:46.809535,0.005,0.995,1.0
2025-12-10T21:55:47.505214,0.005,0.995,1.0
2025-12-10T21:55:48.129736,0.005,0.995,1.0
2025-12-10T21:55:48.777770,0.005,0.995,1.0
2025-12-10T21:55:49.390743,0.005,0.995,1.0
2025-12-10T21:55:50.022737,0.005,0.995,1.0
2025-12-10T21:55:50.702134,0.005,0.995,1.0
2025-12-10T21:55:51.337758,0.005,0.995,1.0
2025-12-10T21:55:50.274161,0.005,0.995,1.0
2025-12-10T21:55:50.935056,0.005,0.995,1.0
2025-12-10T21:55:51.557621,0.005,0.995,1.0
2025-12-10T21:55:52.205682,0.005,0.995,1.0
2025-12-10T21:55:52.867550,0.005,0.995,1.0
2025-12-10T21:55:53.487815,0.005,0.995,1.0
2025-12-10T21:55:54.132482,0.005,0.995,1.0
2025-12-10T21:55:54.764885,0.005,0.995,1.0
2025-12-10T21:55:55.393677,0.005,0.995,1.0
2025-12-10T21:55:56.036395,0.005,0.995,1.0
2025-12-10T21:55:56.671617,0.005,0.995,1.0
2025-12-10T21:55:57.313987,0.005,0.995,1.0
2025-12-10T21:55:57.942303,0.005,0.995,1.0
2025-12-10T21:55:58.569385,0.005,0.995,1.0
2025-12-10T21:55:59.204884,0.005,0.995,1.0
2025-12-10T21:55:59.823280,0.005,0.995,1.0
2025-12-10T21:56:00.481151,0.005,0.995,1.0
2025-12-10T21:56:01.107275,0.005,0.995,1.0
2025-12-10T21:56:01.772522,0.005,0.995,1.0
2025-12-10T21:56:02.409844,0.005,0.995,1.0
2025-12-10T21:56:03.048890,0.005,0.995,1.0
2025-12-10T21:56:03.691285,0.005,0.995,1.0
2025-12-10T21:56:04.310537,0.005,0.995,1.0
2025-12-10T21:56:04.934092,0.005,0.995,1.0
2025-12-10T21:56:05.591848,0.005,0.995,1.0
2025-12-10T21:56:06.237280,0.005,0.995,1.0
2025-12-10T21:56:06.854035,0.005,0.995,1.0
2025-12-10T21:56:07.490437,0.005,0.995,1.0
2025-12-10T21:56:08.126558,0.005,0.995,1.0
2025-12-10T21:56:08.759192,0.005,0.995,1.0
2025-12-10T21:56:09.385599,0.005,0.995,1.0
2025-12-10T21:56:10.044076,0.005,0.995,1.0
2025-12-10T21:56:10.661743,0.005,0.995,1.0
2025-12-10T21:56:11.283476,0.005,0.995,1.0
2025-12-10T21:56:11.936576,0.005,0.995,1.0
2025-12-10T21:56:12.612831,0.005,0.995,1.0
2025-12-10T21:56:13.261397,0.005,0.995,1.0
2025-12-10T21:56:13.907907,0.005,0.995,1.0
2025-12-10T21:56:14.554913,0.005,0.995,1.0
2025-12-10T21:56:15.197192,0.005,0.995,1.0
2025-12-10T21:56:15.838124,0.005,0.995,1.0
2025-12-10T21:56:16.446581,0.005,0.995,1.0
2025-12-10T21:56:17.083074,0.005,0.995,1.0
2025-12-10T21:56:17.765917,0.005,0.995,1.0
2025-12-10T21:56:18.404792,0.005,0.995,1.0
2025-12-10T21:56:19.039142,0.005,0.995,1.0
2025-12-10T21:56:19.673715,0.005,0.995,1.0
2025-12-10T21:56:20.335923,0.005,0.995,1.0
2025-12-10T21:56:20.949121,0.005,0.995,1.0
2025-12-10T21:56:21.586672,0.005,0.995,1.0
2025-12-10T21:56:22.239514,0.005,0.995,1.0
2025-12-10T21:56:21.194409,0.005,0.995,1.0
2025-12-10T21:56:21.834769,0.005,0.995,1.0
2025-12-10T21:56:22.475822,0.005,0.995,1.0
2025-12-10T21:56:23.131143,0.005,0.995,1.0
2025-12-10T21:56:23.780512,0.005,0.995,1.0
2025-12-10T21:56:24.417404,0.005,0.995,1.0
2025-12-10T21:56:25.046177,0.005,0.995,1.0
2025-12-10T21:56:25.664337,0.005,0.995,1.0
2025-12-10T21:56:26.313432,0.005,0.995,1.0
2025-12-10T21:56:26.940694,0.005,0.995,1.0
2025-12-10T21:56:27.580472,0.005,0.995,1.0
2025-12-10T21:56:28.231196,0.005,0.995,1.0
2025-12-10T21:56:28.835999,0.005,0.995,1.0
2025-12-10T21:56:29.471261,0.005,0.995,1.0
2025-12-10T21:56:30.106804,0.005,0.995,1.0
2025-12-10T21:56:30.733513,0.005,0.995,1.0
2025-12-10T21:56:31.372149,0.005,0.995,1.0
2025-12-10T21:56:31.993210,0.005,0.995,1.0
2025-12-10T21:56:32.647037,0.005,0.995,1.0
2025-12-10T21:56:33.292218,0.005,0.995,1.0
2025-12-10T21:56:33.936425,0.005,0.995,1.0
2025-12-10T21:56:34.570510,0.005,0.995,1.0
2025-12-10T21:56:35.221763,0.005,0.995,1.0
2025-12-10T21:56:35.842076,0.005,0.995,1.0
2025-12-10T21:56:36.485740,0.005,0.995,1.0
2025-12-10T21:56:37.137394,0.005,0.995,1.0
2025-12-10T21:56:37.797700,0.005,0.995,1.0
2025-12-10T21:56:38.438101,0.005,0.995,1.0
2025-12-10T21:56:39.077879,0.005,0.995,1.0
2025-12-10T21:56:39.707404,0.005,0.995,1.0
2025-12-10T21:56:40.331383,0.005,0.995,1.0
2025-12-10T21:56:40.960379,0.005,0.995,1.0
2025-12-10T21:56:41.594144,0.005,0.995,1.0
2025-12-10T21:56:42.226303,0.005,0.995,1.0
2025-12-10T21:56:42.927715,0.005,0.995,1.0
2025-12-10T21:56:43.576959,0.005,0.995,1.0
2025-12-10T21:56:44.202027,0.005,0.995,1.0
2025-12-10T21:56:44.825854,0.005,0.995,1.0
2025-12-10T21:56:45.474492,0.005,0.995,1.0
2025-12-10T21:56:46.106731,0.005,0.995,1.0
2025-12-10T21:56:46.737857,0.005,0.995,1.0
2025-12-10T21:56:47.367507,0.005,0.995,1.0
2025-12-10T21:56:48.006510,0.005,0.995,1.0
2025-12-10T21:56:48.667885,0.005,0.995,1.0
2025-12-10T21:56:49.328932,0.005,0.995,1.0
2025-12-10T21:56:49.954269,0.005,0.995,1.0
2025-12-10T21:56:50.572744,0.005,0.995,1.0
2025-12-10T21:56:51.214532,0.005,0.995,1.0
2025-12-10T21:56:51.858802,0.005,0.995,1.0
2025-12-10T21:56:52.490467,0.005,0.995,1.0
2025-12-10T21:56:51.429140,0.005,0.995,1.0
2025-12-10T21:56:52.054335,0.005,0.995,1.0
2025-12-10T21:56:52.684569,0.005,0.995,1.0
2025-12-10T21:56:53.311823,0.005,0.995,1.0
2025-12-10T21:56:53.968285,0.005,0.995,1.0
2025-12-10T21:56:54.605190,0.005,0.995,1.0
2025-12-10T21:56:55.237059,0.005,0.995,1.0
2025-12-10T21:56:55.871432,0.005,0.995,1.0
2025-12-10T21:56:56.499544,0.005,0.995,1.0
2025-12-10T21:56:57.354924,0.005,0.995,1.0
2025-12-10T21:56:57.981636,0.005,0.995,1.0
2025-12-10T21:56:58.613241,0.005,0.995,1.0
2025-12-10T21:56:59.242573,0.005,0.995,1.0
2025-12-10T21:56:59.858973,0.005,0.995,1.0
2025-12-10T21:57:00.493123,0.005,0.995,1.0
2025-12-10T21:57:01.122266,0.005,0.995,1.0
2025-12-10T21:57:01.752127,0.005,0.995,1.0
2025-12-10T21:57:02.373709,0.005,0.995,1.0
2025-12-10T21:57:02.994340,0.005,0.995,1.0
2025-12-10T21:57:03.728019,0.005,0.995,1.0
2025-12-10T21:57:04.380685,0.005,0.995,1.0
2025-12-10T21:57:05.014847,0.005,0.995,1.0
2025-12-10T21:57:05.635419,0.005,0.995,1.0
2025-12-10T21:57:06.263683,0.005,0.995,1.0
2025-12-10T21:57:06.890203,0.005,0.995,1.0
2025-12-10T21:57:07.548644,0.005,0.995,1.0
2025-12-10T21:57:08.188004,0.005,0.995,1.0
2025-12-10T21:57:08.797445,0.005,0.995,1.0
2025-12-10T21:57:09.428567,0.005,0.995,1.0
2025-12-10T21:57:10.114117,0.005,0.995,1.0
2025-12-10T21:57:10.755338,0.005,0.995,1.0
2025-12-10T21:57:11.384731,0.005,0.995,1.0
2025-12-10T21:57:12.029807,0.005,0.995,1.0
2025-12-10T21:57:12.712934,0.005,0.995,1.0
2025-12-10T21:57:13.335003,0.005,0.995,1.0
2025-12-10T21:57:13.957147,0.005,0.995,1.0
2025-12-10T21:57:14.598267,0.005,0.995,1.0
2025-12-10T21:57:15.223254,0.005,0.995,1.0
2025-12-10T21:57:15.839892,0.005,0.995,1.0
2025-12-10T21:57:16.473711,0.005,0.995,1.0
2025-12-10T21:57:17.101277,0.005,0.995,1.0
2025-12-10T21:57:17.747323,0.005,0.995,1.0
2025-12-10T21:57:18.378083,0.005,0.995,1.0
2025-12-10T21:57:19.011721,0.005,0.995,1.0
2025-12-10T21:57:19.642649,0.005,0.995,1.0
2025-12-10T21:57:20.332902,0.005,0.995,1.0
2025-12-10T21:57:20.966021,0.005,0.995,1.0
2025-12-10T21:57:21.607321,0.005,0.995,1.0
2025-12-10T21:57:22.240280,0.005,0.995,1.0
2025-12-10T21:57:22.891324,0.005,0.995,1.0
2025-12-10T21:57:21.837566,0.005,0.995,1.0
2025-12-10T21:57:22.472675,0.005,0.995,1.0
2025-12-10T21:57:23.110602,0.005,0.995,1.0
2025-12-10T21:57:23.737826,0.005,0.995,1.0
2025-12-10T21:57:24.378280,0.005,0.995,1.0
2025-12-10T21:57:25.010653,0.005,0.995,1.0
2025-12-10T21:57:25.641581,0.005,0.995,1.0
2025-12-10T21:57:26.318458,0.005,0.995,1.0
2025-12-10T21:57:26.973108,0.005,0.995,1.0
2025-12-10T21:57:27.637088,0.005,0.995,1.0
2025-12-10T21:57:28.295868,0.005,0.995,1.0
2025-12-10T21:57:28.917604,0.005,0.995,1.0
2025-12-10T21:57:29.572007,0.005,0.995,1.0
2025-12-10T21:57:30.204833,0.005,0.995,1.0
2025-12-10T21:57:30.835488,0.005,0.995,1.0
2025-12-10T21:57:31.457581,0.005,0.995,1.0
2025-12-10T21:57:32.104515,0.005,0.995,1.0
2025-12-10T21:57:32.751319,0.005,0.995,1.0
2025-12-10T21:57:33.406509,0.005,0.995,1.0
2025-12-10T21:57:34.037727,0.005,0.995,1.0
2025-12-10T21:57:34.678606,0.005,0.995,1.0
2025-12-10T21:57:35.336502,0.005,0.995,1.0
2025-12-10T21:57:35.953615,0.005,0.995,1.0
2025-12-10T21:57:36.582865,0.005,0.995,1.0
2025-12-10T21:57:37.200685,0.005,0.995,1.0
2025-12-10T21:57:37.832308,0.005,0.995,1.0
2025-12-10T21:57:38.456886,0.005,0.995,1.0
2025-12-10T21:57:39.078829,0.005,0.995,1.0
2025-12-10T21:57:39.695005,0.005,0.995,1.0
2025-12-10T21:57:40.321022,0.005,0.995,1.0
2025-12-10T21:57:40.930524,0.005,0.995,1.0
2025-12-10T21:57:41.590173,0.005,0.995,1.0
2025-12-10T21:57:42.246977,0.005,0.995,1.0
2025-12-10T21:57:42.870117,0.005,0.995,1.0
2025-12-10T21:57:43.512370,0.005,0.995,1.0
2025-12-10T21:57:44.141572,0.005,0.995,1.0
2025-12-10T21:57:44.752833,0.005,0.995,1.0
2025-12-10T21:57:45.397009,0.005,0.995,1.0
2025-12-10T21:57:46.023091,0.005,0.995,1.0
2025-12-10T21:57:46.681700,0.005,0.995,1.0
2025-12-10T21:57:47.309900,0.005,0.995,1.0
2025-12-10T21:57:47.964836,0.005,0.995,1.0
2025-12-10T21:57:48.598573,0.005,0.995,1.0
2025-12-10T21:57:49.236011,0.005,0.995,1.0
2025-12-10T21:57:49.864896,0.005,0.995,1.0
2025-12-10T21:57:50.491567,0.005,0.995,1.0
2025-12-10T21:57:51.118711,0.005,0.995,1.0
2025-12-10T21:57:51.745175,0.005,0.995,1.0
2025-12-10T21:57:52.364827,0.005,0.995,1.0
2025-12-10T21:57:52.988094,0.005,0.995,1.0
2025-12-10T21:57:53.598479,0.005,0.995,1.0
2025-12-10T21:57:52.508643,0.005,0.995,1.0
2025-12-10T21:57:53.140752,0.005,0.995,1.0
2025-12-10T21:57:53.771250,0.005,0.995,1.0
2025-12-10T21:57:54.405816,0.005,0.995,1.0
2025-12-10T21:57:55.074656,0.005,0.995,1.0
2025-12-10T21:57:55.711874,0.005,0.995,1.0
2025-12-10T21:57:56.322088,0.005,0.995,1.0
2025-12-10T21:57:56.942125,0.005,0.995,1.0
2025-12-10T21:57:57.590038,0.005,0.995,1.0
2025-12-10T21:57:58.195811,0.005,0.995,1.0
2025-12-10T21:57:58.821914,0.005,0.995,1.0
2025-12-10T21:57:59.443743,0.005,0.995,1.0
2025-12-10T21:58:00.069137,0.005,0.995,1.0
2025-12-10T21:58:00.713568,0.005,0.995,1.0
2025-12-10T21:58:01.332022,0.005,0.995,1.0
2025-12-10T21:58:01.964977,0.005,0.995,1.0
2025-12-10T21:58:02.608864,0.005,0.995,1.0
2025-12-10T21:58:03.249475,0.005,0.995,1.0
2025-12-10T21:58:03.882983,0.005,0.995,1.0
2025-12-10T21:58:04.499618,0.005,0.995,1.0
2025-12-10T21:58:05.118979,0.005,0.995,1.0
2025-12-10T21:58:05.767497,0.005,0.995,1.0
2025-12-10T21:58:06.391574,0.005,0.995,1.0
2025-12-10T21:58:07.038225,0.005,0.995,1.0
2025-12-10T21:58:07.651940,0.005,0.995,1.0
2025-12-10T21:58:08.274430,0.005,0.995,1.0
2025-12-10T21:58:08.886475,0.005,0.995,1.0
2025-12-10T21:58:09.500298,0.005,0.995,1.0
2025-12-10T21:58:10.123700,0.005,0.995,1.0
2025-12-10T21:58:10.761139,0.005,0.995,1.0
2025-12-10T21:58:11.384030,0.005,0.995,1.0
2025-12-10T21:58:12.018777,0.005,0.995,1.0
2025-12-10T21:58:12.665714,0.005,0.995,1.0
2025-12-10T21:58:13.308762,0.005,0.995,1.0
2025-12-10T21:58:13.939719,0.005,0.995,1.0
2025-12-10T21:58:14.567192,0.005,0.995,1.0
2025-12-10T21:58:15.191445,0.005,0.995,1.0
2025-12-10T21:58:15.819870,0.005,0.995,1.0
2025-12-10T21:58:16.438290,0.005,0.995,1.0
2025-12-10T21:58:17.072739,0.005,0.995,1.0
2025-12-10T21:58:17.714021,0.005,0.995,1.0
2025-12-10T21:58:18.360475,0.005,0.995,1.0
2025-12-10T21:58:18.999010,0.005,0.995,1.0
2025-12-10T21:58:19.620344,0.005,0.995,1.0
2025-12-10T21:58:20.235362,0.005,0.995,1.0
2025-12-10T21:58:20.880307,0.005,0.995,1.0
2025-12-10T21:58:21.512920,0.005,0.995,1.0
2025-12-10T21:58:22.132211,0.005,0.995,1.0
2025-12-10T21:58:22.792935,0.005,0.995,1.0
2025-12-10T21:58:23.415870,0.005,0.995,1.0
2025-12-10T21:58:24.059196,0.005,0.995,1.0
2025-12-10T21:58:22.974431,0.005,0.995,1.0
2025-12-10T21:58:23.657742,0.005,0.995,1.0
2025-12-10T21:58:24.279969,0.005,0.995,1.0
2025-12-10T21:58:24.902572,0.005,0.995,1.0
2025-12-10T21:58:25.509939,0.005,0.995,1.0
2025-12-10T21:58:26.147820,0.005,0.995,1.0
2025-12-10T21:58:26.766523,0.005,0.995,1.0
2025-12-10T21:58:27.386542,0.005,0.995,1.0
2025-12-10T21:58:27.998513,0.005,0.995,1.0
2025-12-10T21:58:28.625818,0.005,0.995,1.0
2025-12-10T21:58:29.253830,0.005,0.995,1.0
2025-12-10T21:58:29.913580,0.005,0.995,1.0
2025-12-10T21:58:30.536981,0.005,0.995,1.0
2025-12-10T21:58:31.175250,0.005,0.995,1.0
2025-12-10T21:58:31.802085,0.005,0.995,1.0
2025-12-10T21:58:32.429204,0.005,0.995,1.0
2025-12-10T21:58:33.046528,0.005,0.995,1.0
2025-12-10T21:58:33.670443,0.005,0.995,1.0
2025-12-10T21:58:34.279745,0.005,0.995,1.0
2025-12-10T21:58:34.907686,0.005,0.995,1.0
2025-12-10T21:58:35.528239,0.005,0.995,1.0
2025-12-10T21:58:36.149144,0.005,0.995,1.0
2025-12-10T21:58:36.771062,0.005,0.995,1.0
2025-12-10T21:58:37.420366,0.005,0.995,1.0
2025-12-10T21:58:38.049778,0.005,0.995,1.0
2025-12-10T21:58:38.669357,0.005,0.995,1.0
2025-12-10T21:58:39.295123,0.005,0.995,1.0
2025-12-10T21:58:39.922987,0.005,0.995,1.0
2025-12-10T21:58:40.543212,0.005,0.995,1.0
2025-12-10T21:58:41.178568,0.005,0.995,1.0
2025-12-10T21:58:41.806431,0.005,0.995,1.0
2025-12-10T21:58:42.444021,0.005,0.995,1.0
2025-12-10T21:58:43.089903,0.005,0.995,1.0
2025-12-10T21:58:43.711972,0.005,0.995,1.0
2025-12-10T21:58:44.337072,0.005,0.995,1.0
2025-12-10T21:58:44.958118,0.005,0.995,1.0
2025-12-10T21:58:45.589032,0.005,0.995,1.0
2025-12-10T21:58:46.216219,0.005,0.995,1.0
2025-12-10T21:58:46.839209,0.005,0.995,1.0
2025-12-10T21:58:47.484811,0.005,0.995,1.0
2025-12-10T21:58:48.122164,0.005,0.995,1.0
2025-12-10T21:58:48.751269,0.005,0.995,1.0
2025-12-10T21:58:49.407279,0.005,0.995,1.0
2025-12-10T21:58:50.041117,0.005,0.995,1.0
2025-12-10T21:58:50.680544,0.005,0.995,1.0
2025-12-10T21:58:51.324285,0.005,0.995,1.0
2025-12-10T21:58:51.943190,0.005,0.995,1.0
2025-12-10T21:58:52.576802,0.005,0.995,1.0
2025-12-10T21:58:53.215077,0.005,0.995,1.0
2025-12-10T21:58:53.858354,0.005,0.995,1.0
2025-12-10T21:58:54.506717,0.005,0.995,1.0
2025-12-10T21:58:53.478099,0.005,0.995,1.0
2025-12-10T21:58:54.124818,0.005,0.995,1.0
2025-12-10T21:58:54.729327,0.005,0.995,1.0
2025-12-10T21:58:55.338590,0.005,0.995,1.0
2025-12-10T21:58:55.975905,0.005,0.995,1.0
2025-12-10T21:58:56.643205,0.005,0.995,1.0
2025-12-10T21:58:57.264475,0.005,0.995,1.0
2025-12-10T21:58:57.894463,0.005,0.995,1.0
2025-12-10T21:58:58.536210,0.005,0.995,1.0
2025-12-10T21:58:59.173169,0.005,0.995,1.0
2025-12-10T21:58:59.818810,0.005,0.995,1.0
2025-12-10T21:59:00.442677,0.005,0.995,1.0
2025-12-10T21:59:01.065929,0.005,0.995,1.0
2025-12-10T21:59:01.705939,0.005,0.995,1.0
2025-12-10T21:59:02.338715,0.005,0.995,1.0
2025-12-10T21:59:02.970293,0.005,0.995,1.0
2025-12-10T21:59:03.585751,0.005,0.995,1.0
2025-12-10T21:59:04.227443,0.005,0.995,1.0
2025-12-10T21:59:04.871636,0.005,0.995,1.0
2025-12-10T21:59:05.509611,0.005,0.995,1.0
2025-12-10T21:59:06.130337,0.005,0.995,1.0
2025-12-10T21:59:06.750294,0.005,0.995,1.0
2025-12-10T21:59:07.372482,0.005,0.995,1.0
2025-12-10T21:59:08.015436,0.005,0.995,1.0
2025-12-10T21:59:08.633699,0.005,0.995,1.0
2025-12-10T21:59:09.246710,0.005,0.995,1.0
2025-12-10T21:59:09.892259,0.005,0.995,1.0
2025-12-10T21:59:10.514788,0.005,0.995,1.0
2025-12-10T21:59:11.140829,0.005,0.995,1.0
2025-12-10T21:59:11.757664,0.005,0.995,1.0
2025-12-10T21:59:12.408127,0.005,0.995,1.0
2025-12-10T21:59:13.026843,0.005,0.995,1.0
2025-12-10T21:59:13.655524,0.005,0.995,1.0
2025-12-10T21:59:14.288942,0.005,0.995,1.0
2025-12-10T21:59:14.922932,0.005,0.995,1.0
2025-12-10T21:59:15.551914,0.005,0.995,1.0
2025-12-10T21:59:16.173463,0.005,0.995,1.0
2025-12-10T21:59:16.816097,0.005,0.995,1.0
2025-12-10T21:59:17.442498,0.005,0.995,1.0
2025-12-10T21:59:18.112296,0.005,0.995,1.0
2025-12-10T21:59:18.743083,0.005,0.995,1.0
2025-12-10T21:59:19.377102,0.005,0.995,1.0
2025-12-10T21:59:19.994202,0.005,0.995,1.0
2025-12-10T21:59:20.614371,0.005,0.995,1.0
2025-12-10T21:59:21.252799,0.005,0.995,1.0
2025-12-10T21:59:21.935119,0.005,0.995,1.0
2025-12-10T21:59:22.563932,0.005,0.995,1.0
2025-12-10T21:59:23.204690,0.005,0.995,1.0
2025-12-10T21:59:23.834067,0.005,0.995,1.0
2025-12-10T21:59:24.455350,0.005,0.995,1.0
2025-12-10T21:59:25.082413,0.005,0.995,1.0
2025-12-10T21:59:24.045248,0.005,0.995,1.0
2025-12-10T21:59:24.685319,0.005,0.995,1.0
2025-12-10T21:59:25.312679,0.005,0.995,1.0
2025-12-10T21:59:25.926572,0.005,0.995,1.0
2025-12-10T21:59:26.543622,0.005,0.995,1.0
2025-12-10T21:59:27.160811,0.005,0.995,1.0
2025-12-10T21:59:27.795849,0.005,0.995,1.0
2025-12-10T21:59:28.433833,0.005,0.995,1.0
2025-12-10T21:59:29.045243,0.005,0.995,1.0
2025-12-10T21:59:29.659382,0.005,0.995,1.0
2025-12-10T21:59:30.296025,0.005,0.995,1.0
2025-12-10T21:59:30.924158,0.005,0.995,1.0
2025-12-10T21:59:31.551466,0.005,0.995,1.0
2025-12-10T21:59:32.172591,0.005,0.995,1.0
2025-12-10T21:59:32.803376,0.005,0.995,1.0
2025-12-10T21:59:33.432863,0.005,0.995,1.0
2025-12-10T21:59:34.055256,0.005,0.995,1.0
2025-12-10T21:59:34.672618,0.005,0.995,1.0
2025-12-10T21:59:35.304956,0.005,0.995,1.0
2025-12-10T21:59:35.946482,0.005,0.995,1.0
2025-12-10T21:59:36.600411,0.005,0.995,1.0
2025-12-10T21:59:37.262527,0.005,0.995,1.0
2025-12-10T21:59:37.895849,0.005,0.995,1.0
2025-12-10T21:59:38.512948,0.005,0.995,1.0
2025-12-10T21:59:39.146289,0.005,0.995,1.0
2025-12-10T21:59:39.784774,0.005,0.995,1.0
2025-12-10T21:59:40.417589,0.005,0.995,1.0
2025-12-10T21:59:41.067419,0.005,0.995,1.0
2025-12-10T21:59:41.764225,0.005,0.995,1.0
2025-12-10T21:59:42.400541,0.005,0.995,1.0
2025-12-10T21:59:43.025614,0.005,0.995,1.0
2025-12-10T21:59:43.642107,0.005,0.995,1.0
2025-12-10T21:59:44.331253,0.005,0.995,1.0
2025-12-10T21:59:44.972262,0.005,0.995,1.0
2025-12-10T21:59:45.613895,0.005,0.995,1.0
2025-12-10T21:59:46.236971,0.005,0.995,1.0
2025-12-10T21:59:46.865181,0.005,0.995,1.0
2025-12-10T21:59:47.490429,0.005,0.995,1.0
2025-12-10T21:59:48.229155,0.005,0.995,1.0
2025-12-10T21:59:48.846300,0.005,0.995,1.0
2025-12-10T21:59:49.484894,0.005,0.995,1.0
2025-12-10T21:59:50.125445,0.005,0.995,1.0
2025-12-10T21:59:50.769483,0.005,0.995,1.0
2025-12-10T21:59:51.399876,0.005,0.995,1.0
2025-12-10T21:59:52.036241,0.005,0.995,1.0
2025-12-10T21:59:52.677842,0.005,0.995,1.0
2025-12-10T21:59:53.317017,0.005,0.995,1.0
2025-12-10T21:59:53.945809,0.005,0.995,1.0
2025-12-10T21:59:54.557906,0.005,0.995,1.0
2025-12-10T21:59:55.176448,0.005,0.995,1.0
2025-12-10T21:59:55.806545,0.005,0.995,1.0
2025-12-10T21:59:54.744585,0.005,0.995,1.0
2025-12-10T21:59:55.372917,0.005,0.995,1.0
2025-12-10T21:59:56.125108,0.005,0.995,1.0
2025-12-10T21:59:56.750264,0.005,0.995,1.0
2025-12-10T21:59:57.373061,0.005,0.995,1.0
2025-12-10T21:59:57.981289,0.005,0.995,1.0
2025-12-10T21:59:58.618102,0.005,0.995,1.0
2025-12-10T21:59:59.245507,0.005,0.995,1.0
2025-12-10T21:59:59.874569,0.005,0.995,1.0
2025-12-10T22:00:00.498151,0.005,0.995,1.0
2025-12-10T22:00:01.131747,0.005,0.995,1.0
2025-12-10T22:00:01.807085,0.005,0.995,1.0
2025-12-10T22:00:02.437067,0.005,0.995,1.0
2025-12-10T22:00:03.086254,0.005,0.995,1.0
2025-12-10T22:00:03.708514,0.005,0.995,1.0
2025-12-10T22:00:04.336352,0.005,0.995,1.0
2025-12-10T22:00:04.957003,0.005,0.995,1.0
2025-12-10T22:00:05.589114,0.005,0.995,1.0
2025-12-10T22:00:06.227681,0.005,0.995,1.0
2025-12-10T22:00:06.845950,0.005,0.995,1.0
2025-12-10T22:00:07.510047,0.005,0.995,1.0
2025-12-10T22:00:08.128944,0.005,0.995,1.0
2025-12-10T22:00:08.775909,0.005,0.995,1.0
2025-12-10T22:00:09.390589,0.005,0.995,1.0
2025-12-10T22:00:10.024789,0.005,0.995,1.0
2025-12-10T22:00:10.647098,0.005,0.995,1.0
2025-12-10T22:00:11.279522,0.005,0.995,1.0
2025-12-10T22:00:11.894766,0.005,0.995,1.0
2025-12-10T22:00:12.524865,0.005,0.995,1.0
2025-12-10T22:00:13.177453,0.005,0.995,1.0
2025-12-10T22:00:13.786216,0.005,0.995,1.0
2025-12-10T22:00:14.459043,0.005,0.995,1.0
2025-12-10T22:00:15.090757,0.005,0.995,1.0
2025-12-10T22:00:15.719019,0.005,0.995,1.0
2025-12-10T22:00:16.347448,0.005,0.995,1.0
2025-12-10T22:00:16.963567,0.005,0.995,1.0
2025-12-10T22:00:17.597253,0.005,0.995,1.0
2025-12-10T22:00:18.225264,0.005,0.995,1.0
2025-12-10T22:00:18.894279,0.005,0.995,1.0
2025-12-10T22:00:19.521976,0.005,0.995,1.0
2025-12-10T22:00:20.220177,0.005,0.995,1.0
2025-12-10T22:00:20.835096,0.005,0.995,1.0
2025-12-10T22:00:21.524088,0.005,0.995,1.0
2025-12-10T22:00:22.174904,0.005,0.995,1.0
2025-12-10T22:00:22.829805,0.005,0.995,1.0
2025-12-10T22:00:23.458922,0.005,0.995,1.0
2025-12-10T22:00:24.082219,0.005,0.995,1.0
2025-12-10T22:00:24.723458,0.005,0.995,1.0
2025-12-10T22:00:25.347936,0.005,0.995,1.0
2025-12-10T22:00:25.993405,0.005,0.995,1.0
2025-12-10T22:00:26.640791,0.005,0.995,1.0
2025-12-10T22:00:25.558867,0.005,0.995,1.0
2025-12-10T22:00:26.189237,0.005,0.995,1.0
2025-12-10T22:00:26.833809,0.005,0.995,1.0
2025-12-10T22:00:27.459421,0.005,0.995,1.0
2025-12-10T22:00:28.131758,0.005,0.995,1.0
2025-12-10T22:00:28.768699,0.005,0.995,1.0
2025-12-10T22:00:29.400759,0.005,0.995,1.0
2025-12-10T22:00:30.036261,0.005,0.995,1.0
2025-12-10T22:00:30.671930,0.005,0.995,1.0
2025-12-10T22:00:31.318045,0.005,0.995,1.0
2025-12-10T22:00:31.944747,0.005,0.995,1.0
2025-12-10T22:00:32.574860,0.005,0.995,1.0
2025-12-10T22:00:33.205354,0.005,0.995,1.0
2025-12-10T22:00:33.871772,0.005,0.995,1.0
2025-12-10T22:00:34.481702,0.005,0.995,1.0
2025-12-10T22:00:35.098182,0.005,0.995,1.0
2025-12-10T22:00:35.714324,0.005,0.995,1.0
2025-12-10T22:00:36.340318,0.005,0.995,1.0
2025-12-10T22:00:37.007936,0.005,0.995,1.0
2025-12-10T22:00:37.667471,0.005,0.995,1.0
2025-12-10T22:00:38.294250,0.005,0.995,1.0
2025-12-10T22:00:38.921966,0.005,0.995,1.0
2025-12-10T22:00:39.549502,0.005,0.995,1.0
2025-12-10T22:00:40.176875,0.005,0.995,1.0
2025-12-10T22:00:40.793919,0.005,0.995,1.0
2025-12-10T22:00:41.425163,0.005,0.995,1.0
2025-12-10T22:00:42.062281,0.005,0.995,1.0
2025-12-10T22:00:42.715677,0.005,0.995,1.0
2025-12-10T22:00:43.368944,0.005,0.995,1.0
2025-12-10T22:00:43.986939,0.005,0.995,1.0
2025-12-10T22:00:44.614689,0.005,0.995,1.0
2025-12-10T22:00:45.238871,0.005,0.995,1.0
2025-12-10T22:00:45.880927,0.005,0.995,1.0
2025-12-10T22:00:46.537833,0.005,0.995,1.0
2025-12-10T22:00:47.160298,0.005,0.995,1.0
2025-12-10T22:00:47.808874,0.005,0.995,1.0
2025-12-10T22:00:48.487601,0.005,0.995,1.0
2025-12-10T22:00:49.110487,0.005,0.995,1.0
2025-12-10T22:00:49.753234,0.005,0.995,1.0
2025-12-10T22:00:50.399022,0.005,0.995,1.0
2025-12-10T22:00:51.043545,0.005,0.995,1.0
2025-12-10T22:00:51.662366,0.005,0.995,1.0
2025-12-10T22:00:52.308945,0.005,0.995,1.0
2025-12-10T22:00:52.963041,0.005,0.995,1.0
2025-12-10T22:00:53.662709,0.005,0.995,1.0
2025-12-10T22:00:54.318543,0.005,0.995,1.0
2025-12-10T22:00:54.983316,0.005,0.995,1.0
2025-12-10T22:00:55.613291,0.005,0.995,1.0
2025-12-10T22:00:56.235270,0.005,0.995,1.0
2025-12-10T22:00:56.890682,0.005,0.995,1.0
2025-12-10T22:00:55.886987,0.005,0.995,1.0
2025-12-10T22:00:56.498480,0.005,0.995,1.0
2025-12-10T22:00:57.129094,0.005,0.995,1.0
2025-12-10T22:00:57.745871,0.005,0.995,1.0
2025-12-10T22:00:58.377570,0.005,0.995,1.0
