timestamp,price_yes,price_no,sum_prices
2025-12-12T18:46:00.369493,0.485,0.515,1.0
2025-12-12T18:46:00.995894,0.48,0.515,0.995
2025-12-12T18:46:01.621531,0.495,0.505,1.0
2025-12-12T18:46:02.258486,0.495,0.505,1.0
2025-12-12T18:46:02.878543,0.505,0.495,1.0
2025-12-12T18:46:03.497995,0.515,0.48,0.995
2025-12-12T18:46:04.134249,0.535,0.465,1.0
2025-12-12T18:46:04.762606,0.525,0.47,0.995
2025-12-12T18:46:05.442481,0.535,0.465,1.0
2025-12-12T18:46:06.060266,0.525,0.475,1.0
2025-12-12T18:46:06.682189,0.53,0.47,1.0
2025-12-12T18:46:07.302544,0.53,0.47,1.0
2025-12-12T18:46:06.126317,0.515,0.485,1.0
2025-12-12T18:46:06.733577,0.52,0.48,1.0
2025-12-12T18:46:07.355157,0.525,0.475,1.0
2025-12-12T18:46:07.974746,0.515,0.49,1.005
2025-12-12T18:46:08.581833,0.51,0.49,1.0
2025-12-12T18:46:09.195043,0.515,0.485,1.0
2025-12-12T18:46:09.817276,0.51,0.49,1.0
2025-12-12T18:46:10.444872,0.515,0.485,1.0
2025-12-12T18:46:11.044034,0.515,0.485,1.0
2025-12-12T18:46:11.652714,0.515,0.485,1.0
2025-12-12T18:46:12.265860,0.525,0.475,1.0
2025-12-12T18:46:12.886999,0.525,0.475,1.0
2025-12-12T18:46:13.497413,0.525,0.475,1.0
2025-12-12T18:46:14.114338,0.525,0.475,1.0
2025-12-12T18:46:14.733009,0.51,0.49,1.0
2025-12-12T18:46:15.335953,0.505,0.495,1.0
2025-12-12T18:46:15.938079,0.495,0.505,1.0
2025-12-12T18:46:16.556889,0.495,0.515,1.01
2025-12-12T18:46:17.169209,0.475,0.525,1.0
2025-12-12T18:46:17.783250,0.475,0.525,1.0
2025-12-12T18:46:18.389172,0.475,0.525,1.0
2025-12-12T18:46:18.994384,0.5,0.5,1.0
2025-12-12T18:46:19.597788,0.49,0.51,1.0
2025-12-12T18:46:20.205749,0.485,0.515,1.0
2025-12-12T18:46:20.817069,0.485,0.515,1.0
2025-12-12T18:46:21.429126,0.495,0.505,1.0
2025-12-12T18:46:22.036861,0.495,0.505,1.0
2025-12-12T18:46:22.639453,0.495,0.505,1.0
2025-12-12T18:46:23.256935,0.485,0.515,1.0
2025-12-12T18:46:23.859339,0.475,0.525,1.0
2025-12-12T18:46:24.479320,0.465,0.535,1.0
2025-12-12T18:46:25.101092,0.465,0.535,1.0
2025-12-12T18:46:25.712221,0.465,0.535,1.0
2025-12-12T18:46:26.321127,0.465,0.535,1.0
2025-12-12T18:46:26.929577,0.465,0.535,1.0
2025-12-12T18:46:27.542947,0.455,0.545,1.0
2025-12-12T18:46:28.157267,0.465,0.535,1.0
2025-12-12T18:46:28.901175,0.455,0.545,1.0
2025-12-12T18:46:29.517183,0.455,0.545,1.0
2025-12-12T18:46:30.136897,0.455,0.545,1.0
2025-12-12T18:46:30.742696,0.455,0.545,1.0
2025-12-12T18:46:31.344788,0.445,0.555,1.0
2025-12-12T18:46:31.944716,0.455,0.545,1.0
2025-12-12T18:46:32.558028,0.495,0.505,1.0
2025-12-12T18:46:33.176618,0.505,0.495,1.0
2025-12-12T18:46:33.793177,0.52,0.48,1.0
2025-12-12T18:46:34.399090,0.53,0.475,1.005
2025-12-12T18:46:35.014238,0.525,0.475,1.0
2025-12-12T18:46:35.613594,0.525,0.475,1.0
2025-12-12T18:46:36.252956,0.53,0.47,1.0
2025-12-12T18:46:36.858484,0.515,0.475,0.99
2025-12-12T18:46:37.469258,0.52,0.48,1.0
2025-12-12T18:46:38.076647,0.515,0.485,1.0
2025-12-12T18:46:38.700542,0.52,0.475,0.995
2025-12-12T18:46:39.311139,0.525,0.475,1.0
2025-12-12T18:46:39.916944,0.515,0.485,1.0
2025-12-12T18:46:40.568713,0.515,0.485,1.0
2025-12-12T18:46:41.171083,0.505,0.495,1.0
2025-12-12T18:46:41.776692,0.505,0.495,1.0
2025-12-12T18:46:42.382312,0.515,0.485,1.0
2025-12-12T18:46:42.997617,0.515,0.485,1.0
2025-12-12T18:46:43.613280,0.515,0.485,1.0
2025-12-12T18:46:44.246902,0.54,0.46,1.0
2025-12-12T18:46:44.863161,0.545,0.455,1.0
2025-12-12T18:46:45.469211,0.545,0.455,1.0
2025-12-12T18:46:46.083869,0.545,0.455,1.0
2025-12-12T18:46:46.706607,0.555,0.445,1.0
2025-12-12T18:46:47.306827,0.565,0.435,1.0
2025-12-12T18:46:47.906538,0.575,0.425,1.0
2025-12-12T18:46:48.507826,0.575,0.425,1.0
2025-12-12T18:46:49.120974,0.575,0.42,0.9949999999999999
2025-12-12T18:46:49.729650,0.6,0.4,1.0
2025-12-12T18:46:50.336613,0.605,0.395,1.0
2025-12-12T18:46:50.942483,0.615,0.385,1.0
2025-12-12T18:46:51.568250,0.61,0.39,1.0
2025-12-12T18:46:52.166955,0.615,0.385,1.0
2025-12-12T18:46:52.763547,0.595,0.405,1.0
2025-12-12T18:46:50.906680,0.61,0.39,1.0
2025-12-12T18:46:51.507590,0.615,0.385,1.0
2025-12-12T18:46:52.112033,0.625,0.375,1.0
2025-12-12T18:46:52.711407,0.625,0.375,1.0
2025-12-12T18:46:53.304923,0.625,0.375,1.0
2025-12-12T18:46:53.905650,0.645,0.355,1.0
2025-12-12T18:46:54.510563,0.655,0.335,0.99
2025-12-12T18:46:55.105625,0.675,0.325,1.0
2025-12-12T18:46:55.700689,0.685,0.315,1.0
2025-12-12T18:46:56.310872,0.695,0.305,1.0
2025-12-12T18:46:56.906067,0.695,0.305,1.0
2025-12-12T18:46:57.505557,0.695,0.305,1.0
2025-12-12T18:46:58.109450,0.705,0.295,1.0
2025-12-12T18:46:58.713574,0.705,0.295,1.0
2025-12-12T18:46:59.312058,0.705,0.295,1.0
2025-12-12T18:46:59.917069,0.715,0.285,1.0
2025-12-12T18:47:00.524825,0.7,0.3,1.0
2025-12-12T18:47:01.135843,0.7,0.3,1.0
2025-12-12T18:47:01.767676,0.7,0.3,1.0
2025-12-12T18:47:02.399874,0.695,0.305,1.0
2025-12-12T18:47:03.020104,0.685,0.315,1.0
2025-12-12T18:47:03.638312,0.695,0.31,1.005
2025-12-12T18:47:04.249642,0.695,0.305,1.0
2025-12-12T18:47:04.874313,0.69,0.31,1.0
2025-12-12T18:47:05.481641,0.665,0.335,1.0
2025-12-12T18:47:06.096131,0.66,0.335,0.9950000000000001
2025-12-12T18:47:06.699318,0.66,0.34,1.0
2025-12-12T18:47:07.323019,0.655,0.345,1.0
2025-12-12T18:47:07.940597,0.68,0.32,1.0
2025-12-12T18:47:08.550708,0.68,0.32,1.0
2025-12-12T18:47:09.172621,0.675,0.32,0.9950000000000001
2025-12-12T18:47:09.795071,0.695,0.305,1.0
2025-12-12T18:47:10.411790,0.685,0.315,1.0
2025-12-12T18:47:11.029281,0.685,0.325,1.01
2025-12-12T18:47:11.670994,0.675,0.325,1.0
2025-12-12T18:47:12.281841,0.675,0.33,1.0050000000000001
2025-12-12T18:47:12.928429,0.67,0.33,1.0
2025-12-12T18:47:13.551785,0.67,0.33,1.0
2025-12-12T18:47:14.177446,0.675,0.325,1.0
2025-12-12T18:47:14.792554,0.675,0.325,1.0
2025-12-12T18:47:15.419778,0.675,0.325,1.0
2025-12-12T18:47:16.041011,0.65,0.35,1.0
2025-12-12T18:47:16.658340,0.65,0.35,1.0
2025-12-12T18:47:17.285637,0.655,0.345,1.0
2025-12-12T18:47:17.901199,0.655,0.345,1.0
2025-12-12T18:47:18.521604,0.655,0.345,1.0
2025-12-12T18:47:19.132469,0.655,0.345,1.0
2025-12-12T18:47:19.739216,0.655,0.345,1.0
2025-12-12T18:47:20.351943,0.655,0.345,1.0
2025-12-12T18:47:20.964584,0.655,0.35,1.005
2025-12-12T18:47:21.572113,0.655,0.35,1.005
2025-12-12T18:47:22.192417,0.635,0.365,1.0
2025-12-12T18:47:22.814628,0.645,0.355,1.0
2025-12-12T18:47:21.693987,0.645,0.355,1.0
2025-12-12T18:47:22.348040,0.655,0.345,1.0
2025-12-12T18:47:23.042722,0.655,0.345,1.0
2025-12-12T18:47:23.661769,0.65,0.355,1.005
2025-12-12T18:47:24.273524,0.645,0.355,1.0
2025-12-12T18:47:24.894181,0.62,0.38,1.0
2025-12-12T18:47:25.526881,0.62,0.38,1.0
2025-12-12T18:47:26.155154,0.625,0.375,1.0
2025-12-12T18:47:26.767017,0.63,0.37,1.0
2025-12-12T18:47:27.391928,0.63,0.37,1.0
2025-12-12T18:47:28.018037,0.63,0.375,1.005
2025-12-12T18:47:28.618635,0.615,0.385,1.0
2025-12-12T18:47:29.227082,0.615,0.385,1.0
2025-12-12T18:47:29.844882,0.625,0.375,1.0
2025-12-12T18:47:30.467605,0.635,0.365,1.0
2025-12-12T18:47:31.075496,0.635,0.365,1.0
2025-12-12T18:47:31.700898,0.645,0.355,1.0
2025-12-12T18:47:32.355562,0.655,0.345,1.0
2025-12-12T18:47:32.969075,0.65,0.35,1.0
2025-12-12T18:47:33.586402,0.655,0.345,1.0
2025-12-12T18:47:34.195467,0.665,0.335,1.0
2025-12-12T18:47:34.801808,0.665,0.335,1.0
2025-12-12T18:47:35.415649,0.685,0.315,1.0
2025-12-12T18:47:36.014759,0.69,0.305,0.9949999999999999
2025-12-12T18:47:36.626929,0.695,0.305,1.0
2025-12-12T18:47:37.229221,0.695,0.305,1.0
2025-12-12T18:47:37.832704,0.7,0.3,1.0
2025-12-12T18:47:38.440446,0.705,0.295,1.0
2025-12-12T18:47:39.056675,0.705,0.295,1.0
2025-12-12T18:47:39.670646,0.705,0.295,1.0
2025-12-12T18:47:40.282491,0.705,0.295,1.0
2025-12-12T18:47:40.895985,0.705,0.295,1.0
2025-12-12T18:47:41.513269,0.7,0.3,1.0
2025-12-12T18:47:42.113014,0.695,0.305,1.0
2025-12-12T18:47:42.738360,0.695,0.305,1.0
2025-12-12T18:47:43.345530,0.695,0.305,1.0
2025-12-12T18:47:43.959871,0.695,0.305,1.0
2025-12-12T18:47:44.577630,0.695,0.305,1.0
2025-12-12T18:47:45.180375,0.7,0.3,1.0
2025-12-12T18:47:45.815761,0.7,0.295,0.9949999999999999
2025-12-12T18:47:46.422723,0.7,0.3,1.0
2025-12-12T18:47:47.041341,0.695,0.305,1.0
2025-12-12T18:47:47.655882,0.695,0.305,1.0
2025-12-12T18:47:48.286324,0.695,0.305,1.0
2025-12-12T18:47:48.908485,0.695,0.305,1.0
2025-12-12T18:47:49.518026,0.695,0.305,1.0
2025-12-12T18:47:50.136877,0.695,0.305,1.0
2025-12-12T18:47:50.746629,0.695,0.305,1.0
2025-12-12T18:47:51.357863,0.695,0.305,1.0
2025-12-12T18:47:51.979230,0.695,0.305,1.0
2025-12-12T18:47:52.601686,0.695,0.305,1.0
2025-12-12T18:47:53.200095,0.695,0.305,1.0
2025-12-12T18:47:51.653120,0.685,0.33,1.0150000000000001
2025-12-12T18:47:52.255339,0.66,0.34,1.0
2025-12-12T18:47:52.858994,0.65,0.35,1.0
2025-12-12T18:47:53.464166,0.645,0.355,1.0
2025-12-12T18:47:54.078977,0.655,0.345,1.0
2025-12-12T18:47:54.697466,0.645,0.355,1.0
2025-12-12T18:47:55.308809,0.65,0.35,1.0
2025-12-12T18:47:55.912475,0.655,0.345,1.0
2025-12-12T18:47:56.524795,0.655,0.345,1.0
2025-12-12T18:47:57.135605,0.64,0.365,1.005
2025-12-12T18:47:57.747432,0.65,0.35,1.0
2025-12-12T18:47:58.362451,0.65,0.345,0.995
2025-12-12T18:47:58.973522,0.65,0.35,1.0
2025-12-12T18:47:59.599841,0.65,0.35,1.0
2025-12-12T18:48:00.196689,0.655,0.345,1.0
2025-12-12T18:48:00.826559,0.65,0.35,1.0
2025-12-12T18:48:01.439056,0.65,0.35,1.0
2025-12-12T18:48:02.065669,0.645,0.355,1.0
2025-12-12T18:48:02.670425,0.62,0.385,1.005
2025-12-12T18:48:03.272585,0.605,0.395,1.0
2025-12-12T18:48:03.880138,0.605,0.395,1.0
2025-12-12T18:48:04.486547,0.605,0.395,1.0
2025-12-12T18:48:05.093841,0.625,0.37,0.995
2025-12-12T18:48:05.698936,0.625,0.375,1.0
2025-12-12T18:48:06.311821,0.62,0.38,1.0
2025-12-12T18:48:06.924865,0.625,0.37,0.995
2025-12-12T18:48:07.562770,0.63,0.37,1.0
2025-12-12T18:48:08.173642,0.635,0.365,1.0
2025-12-12T18:48:08.784844,0.635,0.365,1.0
2025-12-12T18:48:09.387401,0.645,0.355,1.0
2025-12-12T18:48:10.014420,0.645,0.355,1.0
2025-12-12T18:48:10.671426,0.645,0.355,1.0
2025-12-12T18:48:11.282442,0.645,0.355,1.0
2025-12-12T18:48:11.890616,0.655,0.345,1.0
2025-12-12T18:48:12.491712,0.65,0.35,1.0
2025-12-12T18:48:13.108672,0.64,0.36,1.0
2025-12-12T18:48:13.734059,0.645,0.345,0.99
2025-12-12T18:48:14.352600,0.66,0.34,1.0
2025-12-12T18:48:14.960567,0.66,0.34,1.0
2025-12-12T18:48:15.590957,0.665,0.335,1.0
2025-12-12T18:48:16.196737,0.665,0.335,1.0
2025-12-12T18:48:16.800320,0.675,0.325,1.0
2025-12-12T18:48:17.425537,0.67,0.33,1.0
2025-12-12T18:48:18.039675,0.655,0.345,1.0
2025-12-12T18:48:18.642828,0.66,0.34,1.0
2025-12-12T18:48:19.265010,0.655,0.345,1.0
2025-12-12T18:48:19.864847,0.65,0.35,1.0
2025-12-12T18:48:20.471162,0.65,0.35,1.0
2025-12-12T18:48:21.085827,0.645,0.35,0.995
2025-12-12T18:48:21.694061,0.65,0.35,1.0
2025-12-12T18:48:22.308753,0.655,0.345,1.0
2025-12-12T18:48:22.945390,0.65,0.35,1.0
2025-12-12T18:48:23.544845,0.655,0.345,1.0
2025-12-12T18:48:22.319457,0.65,0.35,1.0
2025-12-12T18:48:22.959055,0.655,0.345,1.0
2025-12-12T18:48:23.564477,0.655,0.345,1.0
2025-12-12T18:48:24.187788,0.665,0.335,1.0
2025-12-12T18:48:24.797232,0.685,0.315,1.0
2025-12-12T18:48:25.419088,0.68,0.32,1.0
2025-12-12T18:48:26.076537,0.675,0.325,1.0
2025-12-12T18:48:26.710105,0.645,0.365,1.01
2025-12-12T18:48:27.326162,0.625,0.375,1.0
2025-12-12T18:48:27.962315,0.615,0.385,1.0
2025-12-12T18:48:28.572004,0.615,0.385,1.0
2025-12-12T18:48:29.194891,0.615,0.385,1.0
2025-12-12T18:48:29.794939,0.615,0.385,1.0
2025-12-12T18:48:30.394250,0.615,0.385,1.0
2025-12-12T18:48:31.004590,0.605,0.395,1.0
2025-12-12T18:48:31.642033,0.615,0.385,1.0
2025-12-12T18:48:32.254300,0.615,0.385,1.0
2025-12-12T18:48:32.863687,0.63,0.37,1.0
2025-12-12T18:48:33.466458,0.635,0.365,1.0
2025-12-12T18:48:34.091062,0.635,0.365,1.0
2025-12-12T18:48:34.697812,0.645,0.355,1.0
2025-12-12T18:48:35.303792,0.655,0.345,1.0
2025-12-12T18:48:35.926760,0.67,0.33,1.0
2025-12-12T18:48:36.539842,0.665,0.335,1.0
2025-12-12T18:48:37.156862,0.655,0.345,1.0
2025-12-12T18:48:37.778163,0.655,0.345,1.0
2025-12-12T18:48:38.391689,0.645,0.355,1.0
2025-12-12T18:48:39.012831,0.65,0.35,1.0
2025-12-12T18:48:39.621429,0.655,0.345,1.0
2025-12-12T18:48:40.253504,0.635,0.365,1.0
2025-12-12T18:48:40.869563,0.63,0.37,1.0
2025-12-12T18:48:41.504049,0.63,0.37,1.0
2025-12-12T18:48:42.113721,0.625,0.375,1.0
2025-12-12T18:48:42.745058,0.635,0.365,1.0
2025-12-12T18:48:43.355903,0.635,0.365,1.0
2025-12-12T18:48:43.964375,0.635,0.365,1.0
2025-12-12T18:48:44.573413,0.635,0.365,1.0
2025-12-12T18:48:45.194728,0.635,0.365,1.0
2025-12-12T18:48:45.817804,0.63,0.37,1.0
2025-12-12T18:48:46.437038,0.635,0.365,1.0
2025-12-12T18:48:47.053048,0.625,0.375,1.0
2025-12-12T18:48:47.662961,0.645,0.355,1.0
2025-12-12T18:48:48.265587,0.645,0.355,1.0
2025-12-12T18:48:48.890733,0.65,0.35,1.0
2025-12-12T18:48:49.491017,0.655,0.345,1.0
2025-12-12T18:48:50.110079,0.655,0.345,1.0
2025-12-12T18:48:50.725074,0.655,0.345,1.0
2025-12-12T18:48:51.358051,0.65,0.35,1.0
2025-12-12T18:48:51.981777,0.65,0.35,1.0
2025-12-12T18:48:52.593262,0.645,0.355,1.0
2025-12-12T18:48:53.220596,0.645,0.355,1.0
2025-12-12T18:48:53.823596,0.645,0.355,1.0
2025-12-12T18:48:52.618643,0.645,0.355,1.0
2025-12-12T18:48:53.235680,0.655,0.345,1.0
2025-12-12T18:48:53.870186,0.665,0.335,1.0
2025-12-12T18:48:54.468684,0.675,0.325,1.0
2025-12-12T18:48:55.067036,0.695,0.305,1.0
2025-12-12T18:48:55.683034,0.69,0.31,1.0
2025-12-12T18:48:56.287318,0.695,0.305,1.0
2025-12-12T18:48:56.901856,0.685,0.315,1.0
2025-12-12T18:48:57.590745,0.685,0.315,1.0
2025-12-12T18:48:58.192908,0.68,0.32,1.0
2025-12-12T18:48:58.799074,0.675,0.325,1.0
2025-12-12T18:48:59.417987,0.68,0.32,1.0
2025-12-12T18:49:00.021466,0.675,0.325,1.0
2025-12-12T18:49:00.641330,0.665,0.335,1.0
2025-12-12T18:49:01.284251,0.665,0.355,1.02
2025-12-12T18:49:01.896784,0.645,0.355,1.0
2025-12-12T18:49:02.506896,0.645,0.355,1.0
2025-12-12T18:49:03.127013,0.635,0.365,1.0
2025-12-12T18:49:03.748857,0.635,0.365,1.0
2025-12-12T18:49:04.357900,0.635,0.365,1.0
2025-12-12T18:49:04.989677,0.635,0.365,1.0
2025-12-12T18:49:05.599882,0.645,0.355,1.0
2025-12-12T18:49:06.211198,0.625,0.375,1.0
2025-12-12T18:49:06.833557,0.605,0.395,1.0
2025-12-12T18:49:07.444226,0.575,0.425,1.0
2025-12-12T18:49:08.109690,0.55,0.45,1.0
2025-12-12T18:49:08.710143,0.535,0.465,1.0
2025-12-12T18:49:09.328293,0.545,0.455,1.0
2025-12-12T18:49:09.952617,0.555,0.445,1.0
2025-12-12T18:49:10.571772,0.555,0.445,1.0
2025-12-12T18:49:11.171449,0.545,0.455,1.0
2025-12-12T18:49:11.782539,0.545,0.455,1.0
2025-12-12T18:49:12.385132,0.545,0.455,1.0
2025-12-12T18:49:12.993625,0.545,0.455,1.0
2025-12-12T18:49:13.622830,0.525,0.475,1.0
2025-12-12T18:49:14.250472,0.525,0.475,1.0
2025-12-12T18:49:14.853925,0.525,0.475,1.0
2025-12-12T18:49:15.450871,0.525,0.475,1.0
2025-12-12T18:49:16.072988,0.525,0.465,0.99
2025-12-12T18:49:16.679293,0.54,0.455,0.9950000000000001
2025-12-12T18:49:17.278701,0.535,0.465,1.0
2025-12-12T18:49:17.883239,0.525,0.475,1.0
2025-12-12T18:49:18.496250,0.525,0.475,1.0
2025-12-12T18:49:19.105452,0.525,0.475,1.0
2025-12-12T18:49:19.721223,0.525,0.475,1.0
2025-12-12T18:49:20.329555,0.535,0.465,1.0
2025-12-12T18:49:20.943117,0.555,0.445,1.0
2025-12-12T18:49:21.555105,0.56,0.44,1.0
2025-12-12T18:49:22.164661,0.57,0.425,0.9949999999999999
2025-12-12T18:49:22.770215,0.575,0.425,1.0
2025-12-12T18:49:23.378368,0.575,0.425,1.0
2025-12-12T18:49:23.992258,0.575,0.42,0.9949999999999999
2025-12-12T18:49:22.685568,0.585,0.415,1.0
2025-12-12T18:49:23.307993,0.575,0.425,1.0
2025-12-12T18:49:23.930792,0.575,0.425,1.0
2025-12-12T18:49:24.542413,0.575,0.425,1.0
2025-12-12T18:49:25.152480,0.575,0.425,1.0
2025-12-12T18:49:25.758137,0.575,0.425,1.0
2025-12-12T18:49:26.358216,0.57,0.43,1.0
2025-12-12T18:49:26.959991,0.55,0.45,1.0
2025-12-12T18:49:27.556737,0.53,0.47,1.0
2025-12-12T18:49:28.174048,0.535,0.465,1.0
2025-12-12T18:49:28.812368,0.53,0.47,1.0
2025-12-12T18:49:29.423341,0.525,0.48,1.005
2025-12-12T18:49:30.120833,0.515,0.485,1.0
2025-12-12T18:49:30.755467,0.505,0.495,1.0
2025-12-12T18:49:31.371483,0.495,0.51,1.005
2025-12-12T18:49:31.984659,0.5,0.5,1.0
2025-12-12T18:49:32.585818,0.505,0.495,1.0
2025-12-12T18:49:33.220794,0.505,0.495,1.0
2025-12-12T18:49:33.821320,0.505,0.495,1.0
2025-12-12T18:49:34.421235,0.515,0.485,1.0
2025-12-12T18:49:35.021799,0.515,0.485,1.0
2025-12-12T18:49:35.624744,0.515,0.485,1.0
2025-12-12T18:49:36.234042,0.515,0.485,1.0
2025-12-12T18:49:36.877627,0.515,0.485,1.0
2025-12-12T18:49:37.488179,0.505,0.495,1.0
2025-12-12T18:49:38.088794,0.505,0.495,1.0
2025-12-12T18:49:38.694675,0.495,0.505,1.0
2025-12-12T18:49:39.315858,0.495,0.505,1.0
2025-12-12T18:49:39.919707,0.49,0.515,1.005
2025-12-12T18:49:40.533437,0.485,0.515,1.0
2025-12-12T18:49:41.136243,0.485,0.515,1.0
2025-12-12T18:49:41.736302,0.51,0.49,1.0
2025-12-12T18:49:42.359293,0.515,0.485,1.0
2025-12-12T18:49:42.982425,0.535,0.465,1.0
2025-12-12T18:49:43.591889,0.525,0.47,0.995
2025-12-12T18:49:44.194173,0.535,0.465,1.0
2025-12-12T18:49:44.810805,0.53,0.47,1.0
2025-12-12T18:49:45.431483,0.53,0.47,1.0
2025-12-12T18:49:46.058180,0.535,0.465,1.0
2025-12-12T18:49:46.670491,0.535,0.465,1.0
2025-12-12T18:49:47.297425,0.535,0.465,1.0
2025-12-12T18:49:47.913872,0.545,0.455,1.0
2025-12-12T18:49:48.525798,0.555,0.445,1.0
2025-12-12T18:49:49.140998,0.555,0.445,1.0
2025-12-12T18:49:49.779597,0.545,0.45,0.9950000000000001
2025-12-12T18:49:50.384758,0.555,0.445,1.0
2025-12-12T18:49:51.001724,0.555,0.445,1.0
2025-12-12T18:49:51.616643,0.555,0.445,1.0
2025-12-12T18:49:52.217026,0.555,0.445,1.0
2025-12-12T18:49:52.822896,0.55,0.445,0.9950000000000001
2025-12-12T18:49:53.428550,0.555,0.445,1.0
2025-12-12T18:49:54.030140,0.555,0.445,1.0
2025-12-12T18:49:54.627530,0.555,0.445,1.0
2025-12-12T18:49:53.396091,0.565,0.435,1.0
2025-12-12T18:49:54.049815,0.58,0.42,1.0
2025-12-12T18:49:54.654271,0.585,0.415,1.0
2025-12-12T18:49:55.274246,0.59,0.41,1.0
2025-12-12T18:49:55.907988,0.59,0.41,1.0
2025-12-12T18:49:56.548287,0.59,0.41,1.0
2025-12-12T18:49:57.156890,0.595,0.405,1.0
2025-12-12T18:49:57.755250,0.595,0.405,1.0
2025-12-12T18:49:58.362868,0.605,0.395,1.0
2025-12-12T18:49:58.967624,0.605,0.395,1.0
2025-12-12T18:49:59.604474,0.605,0.395,1.0
2025-12-12T18:50:00.213607,0.605,0.395,1.0
2025-12-12T18:50:00.836216,0.625,0.375,1.0
2025-12-12T18:50:01.436786,0.625,0.375,1.0
2025-12-12T18:50:02.041477,0.635,0.37,1.005
2025-12-12T18:50:02.653555,0.625,0.375,1.0
2025-12-12T18:50:03.257043,0.625,0.375,1.0
2025-12-12T18:50:03.859791,0.615,0.385,1.0
2025-12-12T18:50:04.479653,0.615,0.385,1.0
2025-12-12T18:50:05.108527,0.615,0.385,1.0
2025-12-12T18:50:05.721813,0.615,0.385,1.0
2025-12-12T18:50:06.358065,0.605,0.395,1.0
2025-12-12T18:50:06.971781,0.61,0.39,1.0
2025-12-12T18:50:07.584283,0.605,0.395,1.0
2025-12-12T18:50:08.183092,0.585,0.425,1.01
2025-12-12T18:50:08.791060,0.555,0.445,1.0
2025-12-12T18:50:09.392965,0.545,0.455,1.0
2025-12-12T18:50:10.008155,0.545,0.455,1.0
2025-12-12T18:50:10.621161,0.545,0.455,1.0
2025-12-12T18:50:11.258243,0.545,0.455,1.0
2025-12-12T18:50:11.869961,0.505,0.495,1.0
2025-12-12T18:50:12.481642,0.485,0.515,1.0
2025-12-12T18:50:13.097091,0.485,0.515,1.0
2025-12-12T18:50:13.699776,0.485,0.515,1.0
2025-12-12T18:50:14.306320,0.485,0.515,1.0
2025-12-12T18:50:14.903594,0.46,0.535,0.9950000000000001
2025-12-12T18:50:15.512291,0.455,0.545,1.0
2025-12-12T18:50:16.124243,0.445,0.555,1.0
2025-12-12T18:50:16.719284,0.435,0.565,1.0
2025-12-12T18:50:17.334911,0.435,0.565,1.0
2025-12-12T18:50:17.943154,0.435,0.565,1.0
2025-12-12T18:50:18.559745,0.445,0.555,1.0
2025-12-12T18:50:19.202721,0.44,0.56,1.0
2025-12-12T18:50:19.808849,0.44,0.565,1.005
2025-12-12T18:50:20.420025,0.445,0.555,1.0
2025-12-12T18:50:21.031874,0.44,0.56,1.0
2025-12-12T18:50:21.655080,0.44,0.56,1.0
2025-12-12T18:50:22.265414,0.44,0.56,1.0
2025-12-12T18:50:22.907556,0.44,0.56,1.0
2025-12-12T18:50:23.517828,0.44,0.56,1.0
2025-12-12T18:50:24.131837,0.44,0.56,1.0
2025-12-12T18:50:24.752254,0.44,0.56,1.0
2025-12-12T18:50:23.484840,0.435,0.565,1.0
2025-12-12T18:50:24.125993,0.445,0.55,0.9950000000000001
2025-12-12T18:50:24.734558,0.465,0.53,0.9950000000000001
2025-12-12T18:50:25.338761,0.475,0.525,1.0
2025-12-12T18:50:25.962853,0.475,0.525,1.0
2025-12-12T18:50:26.564978,0.47,0.535,1.005
2025-12-12T18:50:27.191500,0.465,0.535,1.0
2025-12-12T18:50:27.802553,0.465,0.535,1.0
2025-12-12T18:50:28.404565,0.465,0.535,1.0
2025-12-12T18:50:29.025142,0.465,0.535,1.0
2025-12-12T18:50:29.656501,0.475,0.525,1.0
2025-12-12T18:50:30.279936,0.475,0.535,1.01
2025-12-12T18:50:30.885393,0.465,0.535,1.0
2025-12-12T18:50:31.500085,0.465,0.535,1.0
2025-12-12T18:50:32.137635,0.465,0.535,1.0
2025-12-12T18:50:32.733334,0.455,0.545,1.0
2025-12-12T18:50:33.337397,0.445,0.555,1.0
2025-12-12T18:50:33.954060,0.445,0.555,1.0
2025-12-12T18:50:34.554381,0.445,0.555,1.0
2025-12-12T18:50:35.152643,0.435,0.565,1.0
2025-12-12T18:50:35.770024,0.425,0.575,1.0
2025-12-12T18:50:36.386584,0.425,0.58,1.005
2025-12-12T18:50:37.002842,0.415,0.585,1.0
2025-12-12T18:50:37.607995,0.405,0.595,1.0
2025-12-12T18:50:38.221668,0.415,0.585,1.0
2025-12-12T18:50:38.888568,0.415,0.585,1.0
2025-12-12T18:50:39.488543,0.415,0.585,1.0
2025-12-12T18:50:40.112953,0.415,0.585,1.0
2025-12-12T18:50:40.716064,0.41,0.59,1.0
2025-12-12T18:50:41.333915,0.405,0.595,1.0
2025-12-12T18:50:41.949322,0.41,0.59,1.0
2025-12-12T18:50:42.619069,0.415,0.585,1.0
2025-12-12T18:50:43.230768,0.415,0.585,1.0
2025-12-12T18:50:43.839958,0.415,0.585,1.0
2025-12-12T18:50:44.458944,0.405,0.595,1.0
2025-12-12T18:50:45.060987,0.405,0.595,1.0
2025-12-12T18:50:45.682504,0.41,0.59,1.0
2025-12-12T18:50:46.327597,0.41,0.59,1.0
2025-12-12T18:50:46.966357,0.415,0.585,1.0
2025-12-12T18:50:47.596593,0.415,0.585,1.0
2025-12-12T18:50:48.225846,0.425,0.575,1.0
2025-12-12T18:50:48.828882,0.425,0.575,1.0
2025-12-12T18:50:49.430225,0.425,0.57,0.9949999999999999
2025-12-12T18:50:50.063409,0.425,0.57,0.9949999999999999
2025-12-12T18:50:50.676316,0.415,0.585,1.0
2025-12-12T18:50:51.299359,0.42,0.58,1.0
2025-12-12T18:50:51.911267,0.435,0.565,1.0
2025-12-12T18:50:52.532199,0.435,0.565,1.0
2025-12-12T18:50:53.147357,0.445,0.555,1.0
2025-12-12T18:50:53.809884,0.445,0.555,1.0
2025-12-12T18:50:54.425123,0.435,0.565,1.0
2025-12-12T18:50:55.057599,0.435,0.565,1.0
2025-12-12T18:50:55.657983,0.435,0.565,1.0
2025-12-12T18:50:54.331738,0.425,0.575,1.0
2025-12-12T18:50:54.931800,0.405,0.59,0.995
2025-12-12T18:50:55.537929,0.41,0.59,1.0
2025-12-12T18:50:56.139010,0.405,0.595,1.0
2025-12-12T18:50:56.744372,0.4,0.6,1.0
2025-12-12T18:50:57.391358,0.385,0.615,1.0
2025-12-12T18:50:57.996311,0.395,0.605,1.0
2025-12-12T18:50:58.625038,0.395,0.605,1.0
2025-12-12T18:50:59.231220,0.395,0.605,1.0
2025-12-12T18:50:59.841440,0.365,0.635,1.0
2025-12-12T18:51:00.469078,0.365,0.635,1.0
2025-12-12T18:51:01.089238,0.365,0.635,1.0
2025-12-12T18:51:01.694414,0.365,0.635,1.0
2025-12-12T18:51:02.308258,0.365,0.635,1.0
2025-12-12T18:51:02.910309,0.355,0.645,1.0
2025-12-12T18:51:03.518856,0.345,0.655,1.0
2025-12-12T18:51:04.123400,0.36,0.645,1.005
2025-12-12T18:51:04.741855,0.345,0.655,1.0
2025-12-12T18:51:05.373070,0.335,0.665,1.0
2025-12-12T18:51:05.987262,0.33,0.67,1.0
2025-12-12T18:51:06.612844,0.34,0.66,1.0
2025-12-12T18:51:07.241292,0.33,0.67,1.0
2025-12-12T18:51:07.876445,0.335,0.665,1.0
2025-12-12T18:51:08.594542,0.345,0.655,1.0
2025-12-12T18:51:09.207244,0.345,0.655,1.0
2025-12-12T18:51:09.815812,0.345,0.655,1.0
2025-12-12T18:51:10.429393,0.345,0.655,1.0
2025-12-12T18:51:11.059714,0.345,0.655,1.0
2025-12-12T18:51:11.696117,0.345,0.655,1.0
2025-12-12T18:51:12.314985,0.345,0.655,1.0
2025-12-12T18:51:12.946353,0.345,0.655,1.0
2025-12-12T18:51:13.548453,0.335,0.665,1.0
2025-12-12T18:51:14.172503,0.335,0.665,1.0
2025-12-12T18:51:14.780806,0.34,0.66,1.0
2025-12-12T18:51:15.402526,0.345,0.655,1.0
2025-12-12T18:51:16.027141,0.355,0.645,1.0
2025-12-12T18:51:16.651205,0.35,0.65,1.0
2025-12-12T18:51:17.277997,0.345,0.655,1.0
2025-12-12T18:51:17.879553,0.335,0.665,1.0
2025-12-12T18:51:18.513013,0.345,0.655,1.0
2025-12-12T18:51:19.142960,0.34,0.66,1.0
2025-12-12T18:51:19.764928,0.34,0.66,1.0
2025-12-12T18:51:20.364263,0.34,0.66,1.0
2025-12-12T18:51:20.978991,0.345,0.655,1.0
2025-12-12T18:51:21.596793,0.34,0.66,1.0
2025-12-12T18:51:22.234830,0.325,0.675,1.0
2025-12-12T18:51:22.858225,0.33,0.67,1.0
2025-12-12T18:51:23.490228,0.33,0.67,1.0
2025-12-12T18:51:24.109114,0.33,0.675,1.0050000000000001
2025-12-12T18:51:24.747755,0.325,0.675,1.0
2025-12-12T18:51:25.354978,0.325,0.675,1.0
2025-12-12T18:51:25.968124,0.33,0.67,1.0
2025-12-12T18:51:24.718660,0.32,0.68,1.0
2025-12-12T18:51:25.343004,0.315,0.685,1.0
2025-12-12T18:51:25.966065,0.325,0.675,1.0
2025-12-12T18:51:26.580286,0.325,0.675,1.0
2025-12-12T18:51:27.182327,0.325,0.675,1.0
2025-12-12T18:51:27.791640,0.325,0.675,1.0
2025-12-12T18:51:28.402637,0.32,0.68,1.0
2025-12-12T18:51:29.018934,0.32,0.68,1.0
2025-12-12T18:51:29.624540,0.325,0.675,1.0
2025-12-12T18:51:30.230798,0.315,0.685,1.0
2025-12-12T18:51:30.949783,0.32,0.68,1.0
2025-12-12T18:51:31.550727,0.32,0.68,1.0
2025-12-12T18:51:32.162660,0.315,0.685,1.0
2025-12-12T18:51:32.770001,0.29,0.71,1.0
2025-12-12T18:51:33.381997,0.295,0.705,1.0
2025-12-12T18:51:33.985291,0.275,0.725,1.0
2025-12-12T18:51:34.609205,0.27,0.735,1.005
2025-12-12T18:51:35.227220,0.265,0.73,0.995
2025-12-12T18:51:35.856508,0.285,0.715,1.0
2025-12-12T18:51:36.465099,0.29,0.71,1.0
2025-12-12T18:51:37.083408,0.29,0.71,1.0
2025-12-12T18:51:37.714700,0.295,0.705,1.0
2025-12-12T18:51:38.341588,0.3,0.7,1.0
2025-12-12T18:51:38.963632,0.285,0.715,1.0
2025-12-12T18:51:39.578852,0.295,0.705,1.0
2025-12-12T18:51:40.194851,0.295,0.705,1.0
2025-12-12T18:51:40.809032,0.295,0.705,1.0
2025-12-12T18:51:41.412196,0.295,0.705,1.0
2025-12-12T18:51:42.024793,0.295,0.705,1.0
2025-12-12T18:51:42.647180,0.295,0.705,1.0
2025-12-12T18:51:43.268051,0.3,0.7,1.0
2025-12-12T18:51:43.873297,0.3,0.7,1.0
2025-12-12T18:51:44.485029,0.295,0.705,1.0
2025-12-12T18:51:45.103354,0.285,0.715,1.0
2025-12-12T18:51:45.718926,0.29,0.71,1.0
2025-12-12T18:51:46.322447,0.295,0.705,1.0
2025-12-12T18:51:46.928548,0.275,0.725,1.0
2025-12-12T18:51:47.530094,0.285,0.715,1.0
2025-12-12T18:51:48.139933,0.285,0.715,1.0
2025-12-12T18:51:48.753572,0.285,0.715,1.0
2025-12-12T18:51:49.352670,0.275,0.725,1.0
2025-12-12T18:51:49.969198,0.265,0.735,1.0
2025-12-12T18:51:50.595859,0.265,0.735,1.0
2025-12-12T18:51:51.197472,0.255,0.745,1.0
2025-12-12T18:51:51.817767,0.255,0.745,1.0
2025-12-12T18:51:52.424906,0.255,0.75,1.005
2025-12-12T18:51:53.072089,0.245,0.765,1.01
2025-12-12T18:51:53.692118,0.235,0.765,1.0
2025-12-12T18:51:54.313153,0.235,0.765,1.0
2025-12-12T18:51:54.920989,0.225,0.775,1.0
2025-12-12T18:51:55.537335,0.225,0.775,1.0
2025-12-12T18:51:56.149510,0.225,0.775,1.0
2025-12-12T18:51:54.963609,0.225,0.775,1.0
2025-12-12T18:51:55.584281,0.225,0.775,1.0
2025-12-12T18:51:56.209874,0.215,0.785,1.0
2025-12-12T18:51:56.813717,0.225,0.775,1.0
2025-12-12T18:51:57.455143,0.225,0.775,1.0
2025-12-12T18:51:58.080795,0.215,0.785,1.0
2025-12-12T18:51:58.701591,0.215,0.785,1.0
2025-12-12T18:51:59.306209,0.215,0.785,1.0
2025-12-12T18:51:59.919576,0.205,0.795,1.0
2025-12-12T18:52:00.531882,0.215,0.785,1.0
2025-12-12T18:52:01.143309,0.205,0.795,1.0
2025-12-12T18:52:01.772218,0.215,0.785,1.0
2025-12-12T18:52:02.385538,0.205,0.795,1.0
2025-12-12T18:52:03.000681,0.195,0.805,1.0
2025-12-12T18:52:03.614379,0.195,0.805,1.0
2025-12-12T18:52:04.234183,0.195,0.805,1.0
2025-12-12T18:52:04.846435,0.195,0.805,1.0
2025-12-12T18:52:05.458056,0.195,0.805,1.0
2025-12-12T18:52:06.079100,0.195,0.805,1.0
2025-12-12T18:52:06.675711,0.195,0.815,1.01
2025-12-12T18:52:07.279749,0.185,0.815,1.0
2025-12-12T18:52:07.914228,0.185,0.815,1.0
2025-12-12T18:52:08.527030,0.175,0.825,1.0
2025-12-12T18:52:09.164581,0.185,0.815,1.0
2025-12-12T18:52:09.770768,0.175,0.825,1.0
2025-12-12T18:52:10.379971,0.175,0.825,1.0
2025-12-12T18:52:11.002895,0.17,0.83,1.0
2025-12-12T18:52:11.636407,0.17,0.83,1.0
2025-12-12T18:52:12.264168,0.16,0.84,1.0
2025-12-12T18:52:12.914455,0.165,0.835,1.0
2025-12-12T18:52:13.521904,0.17,0.825,0.995
2025-12-12T18:52:14.139952,0.165,0.835,1.0
2025-12-12T18:52:14.766798,0.165,0.835,1.0
2025-12-12T18:52:15.404098,0.165,0.835,1.0
2025-12-12T18:52:16.015531,0.165,0.835,1.0
2025-12-12T18:52:16.638331,0.165,0.835,1.0
2025-12-12T18:52:17.267910,0.165,0.835,1.0
2025-12-12T18:52:17.886875,0.175,0.825,1.0
2025-12-12T18:52:18.527984,0.175,0.825,1.0
2025-12-12T18:52:19.130030,0.175,0.825,1.0
2025-12-12T18:52:19.732387,0.165,0.835,1.0
2025-12-12T18:52:20.337774,0.165,0.835,1.0
2025-12-12T18:52:20.977779,0.165,0.835,1.0
2025-12-12T18:52:21.603821,0.155,0.845,1.0
2025-12-12T18:52:22.216164,0.155,0.835,0.99
2025-12-12T18:52:22.836646,0.17,0.83,1.0
2025-12-12T18:52:23.454072,0.17,0.825,0.995
2025-12-12T18:52:24.114732,0.175,0.825,1.0
2025-12-12T18:52:24.739851,0.175,0.825,1.0
2025-12-12T18:52:25.350355,0.185,0.815,1.0
2025-12-12T18:52:25.960340,0.175,0.825,1.0
2025-12-12T18:52:26.574984,0.175,0.825,1.0
2025-12-12T18:52:27.181668,0.185,0.815,1.0
2025-12-12T18:52:25.916945,0.18,0.82,1.0
2025-12-12T18:52:26.545210,0.185,0.815,1.0
2025-12-12T18:52:27.160850,0.185,0.825,1.01
2025-12-12T18:52:27.768676,0.175,0.835,1.01
2025-12-12T18:52:28.377487,0.155,0.845,1.0
2025-12-12T18:52:28.988176,0.165,0.835,1.0
2025-12-12T18:52:29.598181,0.165,0.835,1.0
2025-12-12T18:52:30.215731,0.165,0.835,1.0
2025-12-12T18:52:30.829611,0.165,0.835,1.0
2025-12-12T18:52:31.456218,0.155,0.845,1.0
2025-12-12T18:52:32.108774,0.155,0.845,1.0
2025-12-12T18:52:32.735967,0.135,0.87,1.005
2025-12-12T18:52:33.346044,0.13,0.87,1.0
2025-12-12T18:52:33.964564,0.135,0.865,1.0
2025-12-12T18:52:34.589646,0.135,0.865,1.0
2025-12-12T18:52:35.206981,0.135,0.865,1.0
2025-12-12T18:52:35.833813,0.135,0.865,1.0
2025-12-12T18:52:36.463084,0.135,0.865,1.0
2025-12-12T18:52:37.097248,0.13,0.87,1.0
2025-12-12T18:52:37.714486,0.13,0.87,1.0
2025-12-12T18:52:38.336124,0.135,0.86,0.995
2025-12-12T18:52:38.973652,0.145,0.855,1.0
2025-12-12T18:52:39.586188,0.135,0.865,1.0
2025-12-12T18:52:40.209034,0.135,0.865,1.0
2025-12-12T18:52:40.827921,0.135,0.865,1.0
2025-12-12T18:52:41.455094,0.13,0.87,1.0
2025-12-12T18:52:42.094371,0.125,0.875,1.0
2025-12-12T18:52:42.753707,0.125,0.875,1.0
2025-12-12T18:52:43.356034,0.135,0.865,1.0
2025-12-12T18:52:43.959110,0.125,0.875,1.0
2025-12-12T18:52:44.568032,0.125,0.875,1.0
2025-12-12T18:52:45.198392,0.125,0.875,1.0
2025-12-12T18:52:45.817158,0.125,0.875,1.0
2025-12-12T18:52:46.440100,0.12,0.88,1.0
2025-12-12T18:52:47.037654,0.115,0.885,1.0
2025-12-12T18:52:47.645919,0.12,0.88,1.0
2025-12-12T18:52:48.262602,0.115,0.885,1.0
2025-12-12T18:52:48.904257,0.12,0.885,1.005
2025-12-12T18:52:49.524867,0.125,0.875,1.0
2025-12-12T18:52:50.124073,0.12,0.88,1.0
2025-12-12T18:52:50.726249,0.125,0.875,1.0
2025-12-12T18:52:51.336230,0.12,0.88,1.0
2025-12-12T18:52:51.955880,0.125,0.875,1.0
2025-12-12T18:52:52.561954,0.125,0.875,1.0
2025-12-12T18:52:53.169783,0.125,0.875,1.0
2025-12-12T18:52:53.786885,0.125,0.875,1.0
2025-12-12T18:52:54.392087,0.125,0.875,1.0
2025-12-12T18:52:55.004719,0.125,0.875,1.0
2025-12-12T18:52:55.614681,0.125,0.875,1.0
2025-12-12T18:52:56.216988,0.125,0.875,1.0
2025-12-12T18:52:56.828532,0.125,0.875,1.0
2025-12-12T18:52:57.425914,0.125,0.875,1.0
2025-12-12T18:52:56.131887,0.125,0.875,1.0
2025-12-12T18:52:56.739438,0.125,0.875,1.0
2025-12-12T18:52:57.342061,0.125,0.875,1.0
2025-12-12T18:52:57.952036,0.125,0.88,1.005
2025-12-12T18:52:58.569155,0.12,0.88,1.0
2025-12-12T18:52:59.212011,0.12,0.88,1.0
2025-12-12T18:52:59.812987,0.12,0.885,1.005
2025-12-12T18:53:00.420088,0.115,0.88,0.995
2025-12-12T18:53:01.038050,0.115,0.885,1.0
2025-12-12T18:53:01.648498,0.115,0.885,1.0
2025-12-12T18:53:02.258186,0.135,0.85,0.985
2025-12-12T18:53:02.884735,0.14,0.86,1.0
2025-12-12T18:53:03.502362,0.135,0.855,0.99
2025-12-12T18:53:04.107117,0.14,0.865,1.005
2025-12-12T18:53:04.725879,0.135,0.865,1.0
2025-12-12T18:53:05.335472,0.125,0.875,1.0
2025-12-12T18:53:05.939384,0.12,0.88,1.0
2025-12-12T18:53:06.552842,0.115,0.885,1.0
2025-12-12T18:53:07.151432,0.11,0.89,1.0
2025-12-12T18:53:07.767100,0.11,0.89,1.0
2025-12-12T18:53:08.392321,0.11,0.89,1.0
2025-12-12T18:53:09.015775,0.11,0.89,1.0
2025-12-12T18:53:09.642946,0.115,0.885,1.0
2025-12-12T18:53:10.266100,0.13,0.875,1.005
2025-12-12T18:53:10.887081,0.12,0.88,1.0
2025-12-12T18:53:11.516665,0.13,0.87,1.0
2025-12-12T18:53:12.137258,0.13,0.87,1.0
2025-12-12T18:53:12.764096,0.125,0.875,1.0
2025-12-12T18:53:13.377788,0.125,0.875,1.0
2025-12-12T18:53:13.999572,0.125,0.875,1.0
2025-12-12T18:53:14.620029,0.125,0.875,1.0
2025-12-12T18:53:15.249530,0.125,0.875,1.0
2025-12-12T18:53:15.864130,0.125,0.87,0.995
2025-12-12T18:53:16.493556,0.135,0.865,1.0
2025-12-12T18:53:17.111580,0.135,0.865,1.0
2025-12-12T18:53:17.732830,0.145,0.855,1.0
2025-12-12T18:53:18.332547,0.145,0.855,1.0
2025-12-12T18:53:18.932172,0.145,0.855,1.0
2025-12-12T18:53:19.582640,0.15,0.85,1.0
2025-12-12T18:53:20.202098,0.15,0.85,1.0
2025-12-12T18:53:20.805180,0.145,0.855,1.0
2025-12-12T18:53:21.414946,0.145,0.855,1.0
2025-12-12T18:53:22.019097,0.145,0.855,1.0
2025-12-12T18:53:22.639238,0.145,0.855,1.0
2025-12-12T18:53:23.258926,0.145,0.855,1.0
2025-12-12T18:53:23.870941,0.145,0.855,1.0
2025-12-12T18:53:24.487790,0.135,0.865,1.0
2025-12-12T18:53:25.112538,0.135,0.865,1.0
2025-12-12T18:53:25.737901,0.145,0.85,0.995
2025-12-12T18:53:26.347198,0.16,0.84,1.0
2025-12-12T18:53:26.954460,0.165,0.83,0.995
2025-12-12T18:53:27.559217,0.175,0.825,1.0
2025-12-12T18:53:28.162820,0.165,0.835,1.0
2025-12-12T18:53:26.893144,0.165,0.835,1.0
2025-12-12T18:53:27.534001,0.165,0.835,1.0
2025-12-12T18:53:28.155319,0.165,0.835,1.0
2025-12-12T18:53:28.765603,0.165,0.835,1.0
2025-12-12T18:53:29.374858,0.165,0.83,0.995
2025-12-12T18:53:29.986111,0.18,0.825,1.005
2025-12-12T18:53:30.588189,0.19,0.81,1.0
2025-12-12T18:53:31.191393,0.175,0.825,1.0
2025-12-12T18:53:31.790429,0.17,0.83,1.0
2025-12-12T18:53:32.408273,0.175,0.825,1.0
2025-12-12T18:53:33.012416,0.17,0.83,1.0
2025-12-12T18:53:33.670394,0.165,0.835,1.0
2025-12-12T18:53:34.315726,0.165,0.835,1.0
2025-12-12T18:53:34.918676,0.165,0.835,1.0
2025-12-12T18:53:35.522480,0.155,0.845,1.0
2025-12-12T18:53:36.139568,0.145,0.855,1.0
2025-12-12T18:53:36.753584,0.15,0.85,1.0
2025-12-12T18:53:37.355258,0.155,0.845,1.0
2025-12-12T18:53:37.964545,0.15,0.845,0.995
2025-12-12T18:53:38.563216,0.155,0.835,0.99
2025-12-12T18:53:39.166571,0.155,0.845,1.0
2025-12-12T18:53:39.797114,0.155,0.835,0.99
2025-12-12T18:53:40.418623,0.17,0.83,1.0
2025-12-12T18:53:41.038229,0.17,0.83,1.0
2025-12-12T18:53:41.636602,0.175,0.825,1.0
2025-12-12T18:53:42.241767,0.175,0.825,1.0
2025-12-12T18:53:42.862205,0.175,0.825,1.0
2025-12-12T18:53:43.492677,0.175,0.825,1.0
2025-12-12T18:53:44.101705,0.17,0.83,1.0
2025-12-12T18:53:44.710567,0.17,0.83,1.0
2025-12-12T18:53:45.313925,0.175,0.825,1.0
2025-12-12T18:53:45.928199,0.175,0.825,1.0
2025-12-12T18:53:46.535220,0.175,0.825,1.0
2025-12-12T18:53:47.150572,0.175,0.83,1.005
2025-12-12T18:53:47.760264,0.165,0.835,1.0
2025-12-12T18:53:48.374307,0.165,0.835,1.0
2025-12-12T18:53:48.982445,0.175,0.825,1.0
2025-12-12T18:53:49.593315,0.18,0.82,1.0
2025-12-12T18:53:50.200048,0.185,0.815,1.0
2025-12-12T18:53:50.819142,0.185,0.815,1.0
2025-12-12T18:53:51.432959,0.185,0.815,1.0
2025-12-12T18:53:52.055822,0.185,0.815,1.0
2025-12-12T18:53:52.666931,0.185,0.815,1.0
2025-12-12T18:53:53.286232,0.185,0.815,1.0
2025-12-12T18:53:53.899153,0.185,0.815,1.0
2025-12-12T18:53:54.522794,0.185,0.815,1.0
2025-12-12T18:53:55.215037,0.185,0.815,1.0
2025-12-12T18:53:55.827082,0.175,0.825,1.0
2025-12-12T18:53:56.428646,0.175,0.825,1.0
2025-12-12T18:53:57.029907,0.175,0.83,1.005
2025-12-12T18:53:57.657210,0.17,0.83,1.0
2025-12-12T18:53:58.268481,0.165,0.835,1.0
2025-12-12T18:53:58.879957,0.16,0.84,1.0
2025-12-12T18:53:59.486673,0.16,0.84,1.0
2025-12-12T18:54:00.102009,0.16,0.84,1.0
2025-12-12T18:54:00.718911,0.165,0.835,1.0
2025-12-12T18:54:01.347911,0.165,0.835,1.0
2025-12-12T18:54:01.948472,0.165,0.835,1.0
2025-12-12T18:54:02.558672,0.165,0.835,1.0
2025-12-12T18:54:03.173767,0.165,0.835,1.0
2025-12-12T18:54:03.785446,0.165,0.835,1.0
2025-12-12T18:54:04.407724,0.155,0.845,1.0
2025-12-12T18:54:05.029973,0.155,0.85,1.005
2025-12-12T18:54:05.641699,0.145,0.855,1.0
2025-12-12T18:54:06.262848,0.135,0.865,1.0
2025-12-12T18:54:06.873041,0.125,0.875,1.0
2025-12-12T18:54:07.498476,0.125,0.875,1.0
2025-12-12T18:54:08.105656,0.125,0.875,1.0
2025-12-12T18:54:08.718123,0.125,0.875,1.0
2025-12-12T18:54:09.347931,0.125,0.875,1.0
2025-12-12T18:54:09.972226,0.125,0.875,1.0
2025-12-12T18:54:10.594007,0.13,0.87,1.0
2025-12-12T18:54:11.208502,0.13,0.875,1.005
2025-12-12T18:54:11.834898,0.125,0.875,1.0
2025-12-12T18:54:12.435350,0.125,0.875,1.0
2025-12-12T18:54:13.045661,0.115,0.885,1.0
2025-12-12T18:54:13.668010,0.115,0.885,1.0
2025-12-12T18:54:11.622433,0.115,0.885,1.0
2025-12-12T18:54:12.229970,0.12,0.88,1.0
2025-12-12T18:54:12.836305,0.12,0.875,0.995
2025-12-12T18:54:13.456108,0.125,0.875,1.0
2025-12-12T18:54:14.124720,0.125,0.875,1.0
2025-12-12T18:54:14.726229,0.125,0.875,1.0
2025-12-12T18:54:15.334738,0.125,0.875,1.0
2025-12-12T18:54:15.951445,0.135,0.865,1.0
2025-12-12T18:54:16.560655,0.14,0.86,1.0
2025-12-12T18:54:17.168508,0.145,0.855,1.0
2025-12-12T18:54:17.782545,0.145,0.855,1.0
2025-12-12T18:54:18.398527,0.155,0.845,1.0
2025-12-12T18:54:19.003880,0.15,0.85,1.0
2025-12-12T18:54:19.610323,0.155,0.845,1.0
2025-12-12T18:54:20.215535,0.15,0.85,1.0
2025-12-12T18:54:20.813248,0.15,0.85,1.0
2025-12-12T18:54:21.421145,0.15,0.855,1.005
2025-12-12T18:54:22.023284,0.145,0.855,1.0
2025-12-12T18:54:22.635785,0.145,0.855,1.0
2025-12-12T18:54:23.245652,0.145,0.855,1.0
2025-12-12T18:54:23.856710,0.145,0.855,1.0
2025-12-12T18:54:24.474010,0.145,0.855,1.0
2025-12-12T18:54:25.076453,0.145,0.855,1.0
2025-12-12T18:54:25.689717,0.145,0.855,1.0
2025-12-12T18:54:26.298506,0.135,0.865,1.0
2025-12-12T18:54:26.908822,0.14,0.86,1.0
2025-12-12T18:54:27.554568,0.135,0.865,1.0
2025-12-12T18:54:28.174271,0.14,0.86,1.0
2025-12-12T18:54:28.794595,0.14,0.86,1.0
2025-12-12T18:54:29.419796,0.14,0.86,1.0
2025-12-12T18:54:30.039846,0.14,0.86,1.0
2025-12-12T18:54:30.661763,0.14,0.86,1.0
2025-12-12T18:54:31.268289,0.155,0.845,1.0
2025-12-12T18:54:31.885789,0.155,0.845,1.0
2025-12-12T18:54:32.487981,0.155,0.845,1.0
2025-12-12T18:54:33.090279,0.155,0.845,1.0
2025-12-12T18:54:33.720537,0.155,0.845,1.0
2025-12-12T18:54:34.328410,0.155,0.845,1.0
2025-12-12T18:54:34.939047,0.125,0.875,1.0
2025-12-12T18:54:35.551780,0.125,0.875,1.0
2025-12-12T18:54:36.178174,0.125,0.875,1.0
2025-12-12T18:54:36.790727,0.12,0.885,1.005
2025-12-12T18:54:37.416623,0.115,0.885,1.0
2025-12-12T18:54:38.032743,0.115,0.885,1.0
2025-12-12T18:54:38.652880,0.11,0.89,1.0
2025-12-12T18:54:39.268667,0.11,0.89,1.0
2025-12-12T18:54:39.880683,0.11,0.89,1.0
2025-12-12T18:54:40.498701,0.11,0.89,1.0
2025-12-12T18:54:41.135559,0.105,0.895,1.0
2025-12-12T18:54:41.751520,0.095,0.9,0.995
2025-12-12T18:54:42.379534,0.1,0.9,1.0
2025-12-12T18:54:43.006611,0.1,0.905,1.0050000000000001
2025-12-12T18:54:41.861226,0.095,0.905,1.0
2025-12-12T18:54:42.471969,0.1,0.9,1.0
2025-12-12T18:54:43.102970,0.095,0.905,1.0
2025-12-12T18:54:43.716985,0.095,0.905,1.0
2025-12-12T18:54:44.338299,0.095,0.905,1.0
2025-12-12T18:54:44.948942,0.095,0.905,1.0
2025-12-12T18:54:45.560831,0.095,0.905,1.0
2025-12-12T18:54:46.160493,0.095,0.905,1.0
2025-12-12T18:54:46.775611,0.095,0.905,1.0
2025-12-12T18:54:47.397558,0.095,0.905,1.0
2025-12-12T18:54:48.010233,0.095,0.905,1.0
2025-12-12T18:54:48.622600,0.095,0.905,1.0
2025-12-12T18:54:49.244105,0.095,0.905,1.0
2025-12-12T18:54:49.863981,0.09,0.915,1.0050000000000001
2025-12-12T18:54:50.464160,0.085,0.915,1.0
2025-12-12T18:54:51.077118,0.085,0.915,1.0
2025-12-12T18:54:51.690710,0.085,0.915,1.0
2025-12-12T18:54:52.292253,0.085,0.915,1.0
2025-12-12T18:54:52.914251,0.085,0.915,1.0
2025-12-12T18:54:53.533874,0.075,0.925,1.0
2025-12-12T18:54:54.149172,0.075,0.925,1.0
2025-12-12T18:54:54.763582,0.075,0.925,1.0
2025-12-12T18:54:55.366086,0.075,0.925,1.0
2025-12-12T18:54:55.979482,0.075,0.925,1.0
2025-12-12T18:54:56.595372,0.075,0.925,1.0
2025-12-12T18:54:57.198263,0.075,0.925,1.0
2025-12-12T18:54:57.807260,0.075,0.925,1.0
2025-12-12T18:54:58.437792,0.075,0.925,1.0
2025-12-12T18:54:59.054648,0.075,0.925,1.0
2025-12-12T18:54:59.673588,0.075,0.925,1.0
2025-12-12T18:55:00.299665,0.075,0.925,1.0
2025-12-12T18:55:00.902088,0.075,0.925,1.0
2025-12-12T18:55:01.511124,0.085,0.915,1.0
2025-12-12T18:55:02.156324,0.085,0.915,1.0
2025-12-12T18:55:02.788727,0.085,0.905,0.99
2025-12-12T18:55:03.395456,0.095,0.9,0.995
2025-12-12T18:55:04.005274,0.125,0.875,1.0
2025-12-12T18:55:04.615339,0.13,0.865,0.995
2025-12-12T18:55:05.249474,0.095,0.905,1.0
2025-12-12T18:55:05.863751,0.125,0.875,1.0
2025-12-12T18:55:06.473671,0.125,0.875,1.0
2025-12-12T18:55:07.102044,0.125,0.875,1.0
2025-12-12T18:55:07.716181,0.125,0.875,1.0
2025-12-12T18:55:08.335540,0.125,0.875,1.0
2025-12-12T18:55:08.938527,0.125,0.875,1.0
2025-12-12T18:55:09.552282,0.125,0.875,1.0
2025-12-12T18:55:10.163350,0.135,0.865,1.0
2025-12-12T18:55:10.774451,0.13,0.87,1.0
2025-12-12T18:55:11.389782,0.125,0.875,1.0
2025-12-12T18:55:11.993632,0.125,0.875,1.0
2025-12-12T18:55:12.600590,0.13,0.87,1.0
2025-12-12T18:55:13.220000,0.135,0.865,1.0
2025-12-12T18:55:13.836224,0.135,0.865,1.0
2025-12-12T18:55:12.598267,0.145,0.855,1.0
2025-12-12T18:55:13.208470,0.155,0.845,1.0
2025-12-12T18:55:13.815515,0.185,0.815,1.0
2025-12-12T18:55:14.427473,0.195,0.805,1.0
2025-12-12T18:55:15.060146,0.185,0.805,0.99
2025-12-12T18:55:15.681748,0.205,0.795,1.0
2025-12-12T18:55:16.288043,0.185,0.815,1.0
2025-12-12T18:55:16.906896,0.175,0.825,1.0
2025-12-12T18:55:17.514676,0.175,0.825,1.0
2025-12-12T18:55:18.117676,0.175,0.825,1.0
2025-12-12T18:55:18.723903,0.175,0.825,1.0
2025-12-12T18:55:19.351105,0.185,0.815,1.0
2025-12-12T18:55:19.963076,0.185,0.815,1.0
2025-12-12T18:55:20.573842,0.195,0.795,0.99
2025-12-12T18:55:21.181599,0.215,0.785,1.0
2025-12-12T18:55:21.783268,0.215,0.785,1.0
2025-12-12T18:55:22.398205,0.21,0.795,1.0050000000000001
2025-12-12T18:55:23.001779,0.205,0.8,1.0050000000000001
2025-12-12T18:55:23.617804,0.195,0.805,1.0
2025-12-12T18:55:24.227446,0.185,0.815,1.0
2025-12-12T18:55:24.851910,0.165,0.835,1.0
2025-12-12T18:55:25.478601,0.165,0.835,1.0
2025-12-12T18:55:26.094487,0.17,0.83,1.0
2025-12-12T18:55:26.706710,0.165,0.835,1.0
2025-12-12T18:55:27.334521,0.165,0.835,1.0
2025-12-12T18:55:27.956619,0.165,0.835,1.0
2025-12-12T18:55:28.592965,0.165,0.835,1.0
2025-12-12T18:55:29.237428,0.165,0.835,1.0
2025-12-12T18:55:29.846040,0.165,0.835,1.0
2025-12-12T18:55:30.460911,0.165,0.835,1.0
2025-12-12T18:55:31.070442,0.165,0.835,1.0
2025-12-12T18:55:31.686839,0.17,0.83,1.0
2025-12-12T18:55:32.301743,0.17,0.83,1.0
2025-12-12T18:55:32.922912,0.175,0.825,1.0
2025-12-12T18:55:33.545526,0.165,0.835,1.0
2025-12-12T18:55:34.165668,0.175,0.825,1.0
2025-12-12T18:55:34.782649,0.17,0.83,1.0
2025-12-12T18:55:35.405385,0.165,0.835,1.0
2025-12-12T18:55:36.015608,0.155,0.845,1.0
2025-12-12T18:55:36.639269,0.16,0.84,1.0
2025-12-12T18:55:37.272995,0.16,0.84,1.0
2025-12-12T18:55:37.888118,0.16,0.84,1.0
2025-12-12T18:55:38.517474,0.16,0.84,1.0
2025-12-12T18:55:39.124627,0.155,0.845,1.0
2025-12-12T18:55:39.748192,0.155,0.845,1.0
2025-12-12T18:55:40.363807,0.15,0.855,1.005
2025-12-12T18:55:40.983523,0.15,0.85,1.0
2025-12-12T18:55:41.610836,0.15,0.845,0.995
2025-12-12T18:55:42.235006,0.16,0.84,1.0
2025-12-12T18:55:42.839802,0.16,0.84,1.0
2025-12-12T18:55:43.442249,0.165,0.835,1.0
2025-12-12T18:55:44.047039,0.17,0.83,1.0
2025-12-12T18:55:42.822868,0.17,0.83,1.0
2025-12-12T18:55:43.431996,0.17,0.83,1.0
2025-12-12T18:55:44.040720,0.165,0.835,1.0
2025-12-12T18:55:44.645038,0.165,0.845,1.01
2025-12-12T18:55:45.264359,0.155,0.845,1.0
2025-12-12T18:55:45.885460,0.16,0.84,1.0
2025-12-12T18:55:46.507706,0.165,0.835,1.0
2025-12-12T18:55:47.109599,0.16,0.84,1.0
2025-12-12T18:55:47.729558,0.16,0.84,1.0
2025-12-12T18:55:48.354647,0.155,0.845,1.0
2025-12-12T18:55:48.969209,0.16,0.84,1.0
2025-12-12T18:55:49.623513,0.16,0.84,1.0
2025-12-12T18:55:50.259412,0.16,0.84,1.0
2025-12-12T18:55:50.877867,0.16,0.84,1.0
2025-12-12T18:55:51.489821,0.165,0.835,1.0
2025-12-12T18:55:52.094525,0.19,0.81,1.0
2025-12-12T18:55:52.700552,0.215,0.785,1.0
2025-12-12T18:55:53.322912,0.22,0.78,1.0
2025-12-12T18:55:53.934116,0.22,0.785,1.0050000000000001
2025-12-12T18:55:54.551505,0.215,0.785,1.0
2025-12-12T18:55:55.172283,0.215,0.785,1.0
2025-12-12T18:55:55.790614,0.215,0.785,1.0
2025-12-12T18:55:56.427117,0.215,0.785,1.0
2025-12-12T18:55:57.099153,0.215,0.785,1.0
2025-12-12T18:55:57.709163,0.215,0.785,1.0
2025-12-12T18:55:58.335724,0.215,0.785,1.0
2025-12-12T18:55:58.965383,0.215,0.785,1.0
2025-12-12T18:55:59.595987,0.215,0.785,1.0
2025-12-12T18:56:00.223769,0.21,0.79,1.0
2025-12-12T18:56:00.842448,0.21,0.79,1.0
2025-12-12T18:56:01.461611,0.205,0.795,1.0
2025-12-12T18:56:02.083215,0.205,0.795,1.0
2025-12-12T18:56:02.712923,0.205,0.795,1.0
2025-12-12T18:56:03.325789,0.215,0.785,1.0
2025-12-12T18:56:03.950518,0.215,0.785,1.0
2025-12-12T18:56:04.579332,0.22,0.78,1.0
2025-12-12T18:56:05.199794,0.21,0.79,1.0
2025-12-12T18:56:05.834325,0.205,0.795,1.0
2025-12-12T18:56:06.447254,0.17,0.83,1.0
2025-12-12T18:56:07.064662,0.17,0.83,1.0
2025-12-12T18:56:07.693233,0.165,0.835,1.0
2025-12-12T18:56:08.304697,0.155,0.845,1.0
2025-12-12T18:56:08.921088,0.15,0.85,1.0
2025-12-12T18:56:09.542147,0.15,0.85,1.0
2025-12-12T18:56:10.156827,0.15,0.85,1.0
2025-12-12T18:56:10.803977,0.145,0.855,1.0
2025-12-12T18:56:11.436551,0.15,0.85,1.0
2025-12-12T18:56:12.064547,0.15,0.85,1.0
2025-12-12T18:56:12.673575,0.155,0.845,1.0
2025-12-12T18:56:13.290362,0.155,0.845,1.0
2025-12-12T18:56:13.910173,0.155,0.845,1.0
2025-12-12T18:56:14.524716,0.155,0.84,0.995
2025-12-12T18:56:13.348587,0.165,0.835,1.0
2025-12-12T18:56:13.969427,0.165,0.835,1.0
2025-12-12T18:56:14.595389,0.165,0.835,1.0
2025-12-12T18:56:15.214253,0.16,0.84,1.0
2025-12-12T18:56:15.828040,0.155,0.84,0.995
2025-12-12T18:56:16.441102,0.16,0.84,1.0
2025-12-12T18:56:17.074994,0.16,0.84,1.0
2025-12-12T18:56:17.704770,0.165,0.835,1.0
2025-12-12T18:56:18.304337,0.17,0.83,1.0
2025-12-12T18:56:18.913720,0.165,0.835,1.0
2025-12-12T18:56:19.517398,0.17,0.83,1.0
2025-12-12T18:56:20.145273,0.17,0.83,1.0
2025-12-12T18:56:20.754613,0.17,0.83,1.0
2025-12-12T18:56:21.395308,0.17,0.83,1.0
2025-12-12T18:56:22.014288,0.165,0.835,1.0
2025-12-12T18:56:22.635342,0.155,0.845,1.0
2025-12-12T18:56:23.235750,0.155,0.845,1.0
2025-12-12T18:56:23.840729,0.155,0.845,1.0
2025-12-12T18:56:24.449930,0.155,0.855,1.01
2025-12-12T18:56:25.055889,0.135,0.865,1.0
2025-12-12T18:56:25.699848,0.135,0.865,1.0
2025-12-12T18:56:26.312639,0.145,0.86,1.005
2025-12-12T18:56:26.961505,0.145,0.855,1.0
2025-12-12T18:56:27.589862,0.125,0.875,1.0
2025-12-12T18:56:28.217413,0.125,0.89,1.0150000000000001
2025-12-12T18:56:28.859436,0.105,0.895,1.0
2025-12-12T18:56:29.486874,0.085,0.915,1.0
2025-12-12T18:56:30.109810,0.105,0.895,1.0
2025-12-12T18:56:30.716870,0.105,0.905,1.01
2025-12-12T18:56:31.336884,0.105,0.895,1.0
2025-12-12T18:56:31.948392,0.105,0.895,1.0
2025-12-12T18:56:32.573195,0.105,0.895,1.0
2025-12-12T18:56:33.185981,0.105,0.895,1.0
2025-12-12T18:56:33.803607,0.105,0.895,1.0
2025-12-12T18:56:34.423736,0.1,0.9,1.0
2025-12-12T18:56:35.041140,0.1,0.9,1.0
2025-12-12T18:56:35.652829,0.11,0.89,1.0
2025-12-12T18:56:36.270755,0.105,0.885,0.99
2025-12-12T18:56:36.927689,0.11,0.895,1.0050000000000001
2025-12-12T18:56:37.601462,0.105,0.89,0.995
2025-12-12T18:56:38.217996,0.115,0.885,1.0
2025-12-12T18:56:38.848335,0.115,0.885,1.0
2025-12-12T18:56:39.462718,0.11,0.89,1.0
2025-12-12T18:56:40.088322,0.12,0.88,1.0
2025-12-12T18:56:40.714991,0.12,0.88,1.0
2025-12-12T18:56:41.346380,0.13,0.875,1.005
2025-12-12T18:56:41.949449,0.135,0.865,1.0
2025-12-12T18:56:42.567648,0.13,0.87,1.0
2025-12-12T18:56:43.181386,0.125,0.875,1.0
2025-12-12T18:56:43.798254,0.13,0.87,1.0
2025-12-12T18:56:44.453386,0.13,0.87,1.0
2025-12-12T18:56:45.118014,0.125,0.875,1.0
2025-12-12T18:56:43.955872,0.125,0.875,1.0
2025-12-12T18:56:44.573239,0.125,0.875,1.0
2025-12-12T18:56:45.188065,0.125,0.875,1.0
2025-12-12T18:56:45.804741,0.125,0.875,1.0
2025-12-12T18:56:46.403035,0.125,0.875,1.0
2025-12-12T18:56:47.017423,0.125,0.875,1.0
2025-12-12T18:56:47.665242,0.125,0.875,1.0
2025-12-12T18:56:48.291021,0.125,0.875,1.0
2025-12-12T18:56:48.927142,0.125,0.875,1.0
2025-12-12T18:56:49.538355,0.125,0.875,1.0
2025-12-12T18:56:50.161786,0.125,0.875,1.0
2025-12-12T18:56:50.777024,0.125,0.875,1.0
2025-12-12T18:56:51.402968,0.125,0.875,1.0
2025-12-12T18:56:52.023047,0.125,0.875,1.0
2025-12-12T18:56:52.626296,0.125,0.875,1.0
2025-12-12T18:56:53.231201,0.125,0.875,1.0
2025-12-12T18:56:53.846730,0.125,0.875,1.0
2025-12-12T18:56:54.466681,0.125,0.875,1.0
2025-12-12T18:56:55.075654,0.125,0.875,1.0
2025-12-12T18:56:55.714633,0.125,0.875,1.0
2025-12-12T18:56:56.330984,0.125,0.875,1.0
2025-12-12T18:56:56.933247,0.125,0.875,1.0
2025-12-12T18:56:57.567932,0.125,0.875,1.0
2025-12-12T18:56:58.179457,0.125,0.875,1.0
2025-12-12T18:56:58.817853,0.125,0.875,1.0
2025-12-12T18:56:59.439384,0.125,0.875,1.0
2025-12-12T18:57:00.063853,0.125,0.875,1.0
2025-12-12T18:57:00.686416,0.125,0.875,1.0
2025-12-12T18:57:01.299235,0.125,0.875,1.0
2025-12-12T18:57:01.928136,0.11,0.895,1.0050000000000001
2025-12-12T18:57:02.549835,0.1,0.9,1.0
2025-12-12T18:57:03.176922,0.09,0.91,1.0
2025-12-12T18:57:03.816207,0.09,0.91,1.0
2025-12-12T18:57:04.455702,0.08,0.92,1.0
2025-12-12T18:57:05.065988,0.075,0.925,1.0
2025-12-12T18:57:05.708078,0.075,0.925,1.0
2025-12-12T18:57:06.333108,0.075,0.925,1.0
2025-12-12T18:57:06.935968,0.08,0.92,1.0
2025-12-12T18:57:07.541826,0.085,0.915,1.0
2025-12-12T18:57:08.141105,0.085,0.915,1.0
2025-12-12T18:57:08.747953,0.085,0.915,1.0
2025-12-12T18:57:09.373403,0.065,0.935,1.0
2025-12-12T18:57:09.996798,0.065,0.93,0.9950000000000001
2025-12-12T18:57:10.611648,0.09,0.91,1.0
2025-12-12T18:57:11.231270,0.09,0.91,1.0
2025-12-12T18:57:11.850938,0.095,0.905,1.0
2025-12-12T18:57:12.479098,0.085,0.915,1.0
2025-12-12T18:57:13.097021,0.085,0.91,0.995
2025-12-12T18:57:13.723691,0.085,0.915,1.0
2025-12-12T18:57:14.327643,0.075,0.925,1.0
2025-12-12T18:57:14.934927,0.08,0.92,1.0
2025-12-12T18:57:15.556255,0.075,0.925,1.0
2025-12-12T18:57:14.348100,0.075,0.925,1.0
2025-12-12T18:57:14.969712,0.075,0.925,1.0
2025-12-12T18:57:15.590143,0.075,0.925,1.0
2025-12-12T18:57:16.202969,0.065,0.935,1.0
2025-12-12T18:57:16.819603,0.075,0.925,1.0
2025-12-12T18:57:17.438488,0.08,0.92,1.0
2025-12-12T18:57:18.039721,0.085,0.915,1.0
2025-12-12T18:57:18.653835,0.075,0.925,1.0
2025-12-12T18:57:19.259634,0.075,0.925,1.0
2025-12-12T18:57:19.868484,0.075,0.93,1.0050000000000001
2025-12-12T18:57:20.529950,0.07,0.92,0.99
2025-12-12T18:57:21.185618,0.07,0.93,1.0
2025-12-12T18:57:21.809881,0.07,0.93,1.0
2025-12-12T18:57:22.417973,0.07,0.93,1.0
2025-12-12T18:57:23.029451,0.065,0.935,1.0
2025-12-12T18:57:23.635945,0.07,0.935,1.0050000000000001
2025-12-12T18:57:24.253338,0.055,0.945,1.0
2025-12-12T18:57:24.862358,0.06,0.94,1.0
2025-12-12T18:57:25.475126,0.07,0.93,1.0
2025-12-12T18:57:26.085073,0.07,0.93,1.0
2025-12-12T18:57:26.697023,0.07,0.93,1.0
2025-12-12T18:57:27.310223,0.065,0.935,1.0
2025-12-12T18:57:27.921746,0.06,0.94,1.0
2025-12-12T18:57:28.532418,0.06,0.94,1.0
2025-12-12T18:57:29.139761,0.055,0.945,1.0
2025-12-12T18:57:29.751745,0.055,0.945,1.0
2025-12-12T18:57:30.358926,0.055,0.945,1.0
2025-12-12T18:57:30.976730,0.055,0.945,1.0
2025-12-12T18:57:31.601633,0.055,0.945,1.0
2025-12-12T18:57:32.208426,0.045,0.955,1.0
2025-12-12T18:57:32.822325,0.045,0.95,0.995
2025-12-12T18:57:33.438579,0.045,0.955,1.0
2025-12-12T18:57:34.038778,0.045,0.955,1.0
2025-12-12T18:57:34.662745,0.05,0.95,1.0
2025-12-12T18:57:35.277814,0.045,0.955,1.0
2025-12-12T18:57:35.883722,0.04,0.96,1.0
2025-12-12T18:57:36.488377,0.055,0.945,1.0
2025-12-12T18:57:37.090515,0.04,0.96,1.0
2025-12-12T18:57:37.694497,0.04,0.96,1.0
2025-12-12T18:57:38.313138,0.035,0.965,1.0
2025-12-12T18:57:38.923670,0.035,0.955,0.99
2025-12-12T18:57:39.533687,0.045,0.955,1.0
2025-12-12T18:57:40.157644,0.05,0.95,1.0
2025-12-12T18:57:40.766266,0.055,0.945,1.0
2025-12-12T18:57:41.408679,0.05,0.955,1.005
2025-12-12T18:57:42.016914,0.045,0.955,1.0
2025-12-12T18:57:42.631784,0.05,0.95,1.0
2025-12-12T18:57:43.246376,0.055,0.945,1.0
2025-12-12T18:57:43.859900,0.045,0.955,1.0
2025-12-12T18:57:44.472223,0.05,0.95,1.0
2025-12-12T18:57:45.080823,0.035,0.965,1.0
2025-12-12T18:57:45.706220,0.035,0.965,1.0
2025-12-12T18:57:44.553868,0.035,0.965,1.0
2025-12-12T18:57:45.161217,0.035,0.965,1.0
2025-12-12T18:57:45.778109,0.035,0.96,0.995
2025-12-12T18:57:46.399048,0.025,0.975,1.0
2025-12-12T18:57:47.020995,0.025,0.975,1.0
2025-12-12T18:57:47.630138,0.025,0.975,1.0
2025-12-12T18:57:48.240104,0.025,0.975,1.0
2025-12-12T18:57:48.856604,0.025,0.975,1.0
2025-12-12T18:57:49.470354,0.025,0.975,1.0
2025-12-12T18:57:50.113719,0.025,0.975,1.0
2025-12-12T18:57:50.713400,0.025,0.975,1.0
2025-12-12T18:57:51.350418,0.025,0.975,1.0
2025-12-12T18:57:51.969801,0.025,0.975,1.0
2025-12-12T18:57:52.594410,0.025,0.975,1.0
2025-12-12T18:57:53.222533,0.025,0.975,1.0
2025-12-12T18:57:53.820896,0.025,0.975,1.0
2025-12-12T18:57:54.434424,0.025,0.975,1.0
2025-12-12T18:57:55.047885,0.025,0.975,1.0
2025-12-12T18:57:55.664403,0.02,0.98,1.0
2025-12-12T18:57:56.284984,0.015,0.985,1.0
2025-12-12T18:57:56.920315,0.015,0.985,1.0
2025-12-12T18:57:57.531899,0.015,0.985,1.0
2025-12-12T18:57:58.141982,0.015,0.985,1.0
2025-12-12T18:57:58.776342,0.025,0.975,1.0
2025-12-12T18:57:59.392885,0.02,0.98,1.0
2025-12-12T18:58:00.008237,0.025,0.98,1.005
2025-12-12T18:58:00.617223,0.015,0.985,1.0
2025-12-12T18:58:01.233615,0.015,0.985,1.0
2025-12-12T18:58:01.843844,0.015,0.985,1.0
2025-12-12T18:58:02.464019,0.015,0.985,1.0
2025-12-12T18:58:03.118564,0.015,0.985,1.0
2025-12-12T18:58:03.736402,0.015,0.985,1.0
2025-12-12T18:58:04.342260,0.015,0.985,1.0
2025-12-12T18:58:04.952944,0.015,0.985,1.0
2025-12-12T18:58:05.564769,0.015,0.985,1.0
2025-12-12T18:58:06.179973,0.015,0.985,1.0
2025-12-12T18:58:06.797493,0.015,0.995,1.01
2025-12-12T18:58:07.415004,0.005,0.995,1.0
2025-12-12T18:58:08.035944,0.005,0.995,1.0
2025-12-12T18:58:08.649592,0.005,0.995,1.0
2025-12-12T18:58:09.269817,0.005,0.995,1.0
2025-12-12T18:58:09.873332,0.005,0.995,1.0
2025-12-12T18:58:10.493703,0.005,0.995,1.0
2025-12-12T18:58:11.107768,0.005,0.995,1.0
2025-12-12T18:58:11.720026,0.005,0.995,1.0
2025-12-12T18:58:12.327534,0.005,0.995,1.0
2025-12-12T18:58:12.948998,0.005,0.995,1.0
2025-12-12T18:58:13.568425,0.005,0.995,1.0
2025-12-12T18:58:14.203203,0.005,0.995,1.0
2025-12-12T18:58:14.816519,0.005,0.995,1.0
2025-12-12T18:58:15.438799,0.005,0.995,1.0
2025-12-12T18:58:16.066304,0.005,0.995,1.0
2025-12-12T18:58:16.682842,0.005,0.995,1.0
2025-12-12T18:58:15.510167,0.005,0.995,1.0
2025-12-12T18:58:16.135146,0.005,0.995,1.0
2025-12-12T18:58:16.744806,0.005,0.995,1.0
2025-12-12T18:58:17.360351,0.005,0.995,1.0
2025-12-12T18:58:17.972066,0.005,0.995,1.0
2025-12-12T18:58:18.613211,0.005,0.995,1.0
2025-12-12T18:58:19.221899,0.005,0.995,1.0
2025-12-12T18:58:19.832699,0.005,0.995,1.0
2025-12-12T18:58:20.447082,0.005,0.995,1.0
2025-12-12T18:58:21.068661,0.005,0.995,1.0
2025-12-12T18:58:21.690839,0.005,0.995,1.0
2025-12-12T18:58:22.315519,0.005,0.995,1.0
2025-12-12T18:58:22.923910,0.005,0.995,1.0
2025-12-12T18:58:23.565551,0.005,0.995,1.0
2025-12-12T18:58:24.188068,0.005,0.995,1.0
2025-12-12T18:58:24.817596,0.005,0.995,1.0
2025-12-12T18:58:25.421343,0.005,0.995,1.0
2025-12-12T18:58:26.032744,0.005,0.995,1.0
2025-12-12T18:58:26.672461,0.005,0.995,1.0
2025-12-12T18:58:27.302267,0.005,0.995,1.0
2025-12-12T18:58:27.909021,0.005,0.995,1.0
2025-12-12T18:58:28.531450,0.005,0.995,1.0
2025-12-12T18:58:29.150400,0.005,0.995,1.0
2025-12-12T18:58:29.771529,0.005,0.995,1.0
2025-12-12T18:58:30.382849,0.005,0.995,1.0
2025-12-12T18:58:30.991736,0.005,0.995,1.0
2025-12-12T18:58:31.599279,0.005,0.995,1.0
2025-12-12T18:58:32.221900,0.005,0.995,1.0
2025-12-12T18:58:32.832642,0.005,0.995,1.0
2025-12-12T18:58:33.459395,0.005,0.995,1.0
2025-12-12T18:58:34.072636,0.005,0.995,1.0
2025-12-12T18:58:34.703417,0.005,0.995,1.0
2025-12-12T18:58:35.316561,0.005,0.995,1.0
2025-12-12T18:58:35.933748,0.005,0.995,1.0
2025-12-12T18:58:36.557483,0.005,0.995,1.0
2025-12-12T18:58:37.186721,0.005,0.995,1.0
2025-12-12T18:58:37.804393,0.005,0.995,1.0
2025-12-12T18:58:38.421353,0.005,0.995,1.0
2025-12-12T18:58:39.042410,0.005,0.995,1.0
2025-12-12T18:58:39.669602,0.005,0.995,1.0
2025-12-12T18:58:40.281369,0.005,0.995,1.0
2025-12-12T18:58:40.898826,0.005,0.995,1.0
2025-12-12T18:58:41.521138,0.005,0.995,1.0
2025-12-12T18:58:42.134567,0.005,0.995,1.0
2025-12-12T18:58:42.756458,0.005,0.995,1.0
2025-12-12T18:58:43.370314,0.005,0.995,1.0
2025-12-12T18:58:43.975454,0.005,0.995,1.0
2025-12-12T18:58:44.595838,0.005,0.995,1.0
2025-12-12T18:58:45.210525,0.005,0.995,1.0
2025-12-12T18:58:45.824327,0.005,0.995,1.0
2025-12-12T18:58:46.434255,0.005,0.995,1.0
2025-12-12T18:58:47.055685,0.005,0.995,1.0
2025-12-12T18:58:45.866817,0.005,0.995,1.0
2025-12-12T18:58:46.480555,0.005,0.995,1.0
2025-12-12T18:58:47.099845,0.005,0.995,1.0
2025-12-12T18:58:47.708164,0.005,0.995,1.0
2025-12-12T18:58:48.331508,0.005,0.995,1.0
2025-12-12T18:58:48.945133,0.005,0.995,1.0
2025-12-12T18:58:49.562656,0.005,0.995,1.0
2025-12-12T18:58:50.174587,0.005,0.995,1.0
2025-12-12T18:58:50.785271,0.005,0.995,1.0
2025-12-12T18:58:51.396773,0.005,0.995,1.0
2025-12-12T18:58:52.008315,0.005,0.995,1.0
2025-12-12T18:58:52.624723,0.005,0.995,1.0
2025-12-12T18:58:53.246316,0.005,0.995,1.0
2025-12-12T18:58:53.850060,0.005,0.995,1.0
2025-12-12T18:58:54.481038,0.005,0.995,1.0
2025-12-12T18:58:55.111445,0.005,0.995,1.0
2025-12-12T18:58:55.747514,0.005,0.995,1.0
2025-12-12T18:58:56.360324,0.005,0.995,1.0
2025-12-12T18:58:56.962761,0.005,0.995,1.0
2025-12-12T18:58:57.577923,0.005,0.995,1.0
2025-12-12T18:58:58.188991,0.005,0.995,1.0
2025-12-12T18:58:58.796439,0.005,0.995,1.0
2025-12-12T18:58:59.416347,0.005,0.995,1.0
2025-12-12T18:59:00.033337,0.005,0.995,1.0
2025-12-12T18:59:00.661087,0.005,0.995,1.0
2025-12-12T18:59:01.301101,0.005,0.995,1.0
2025-12-12T18:59:01.913024,0.005,0.995,1.0
2025-12-12T18:59:02.536929,0.005,0.995,1.0
2025-12-12T18:59:03.133323,0.005,0.995,1.0
2025-12-12T18:59:03.749004,0.005,0.995,1.0
2025-12-12T18:59:04.477204,0.005,0.995,1.0
2025-12-12T18:59:05.093193,0.005,0.995,1.0
2025-12-12T18:59:05.730998,0.005,0.995,1.0
2025-12-12T18:59:06.340832,0.005,0.995,1.0
2025-12-12T18:59:06.947945,0.005,0.995,1.0
2025-12-12T18:59:07.642946,0.005,0.995,1.0
2025-12-12T18:59:08.256590,0.005,0.995,1.0
2025-12-12T18:59:08.856248,0.005,0.995,1.0
2025-12-12T18:59:09.457174,0.005,0.995,1.0
2025-12-12T18:59:10.070846,0.005,0.995,1.0
2025-12-12T18:59:10.685558,0.005,0.995,1.0
2025-12-12T18:59:11.300061,0.005,0.995,1.0
2025-12-12T18:59:11.906657,0.005,0.995,1.0
2025-12-12T18:59:12.511604,0.005,0.995,1.0
2025-12-12T18:59:13.113330,0.005,0.995,1.0
2025-12-12T18:59:13.727643,0.005,0.995,1.0
2025-12-12T18:59:14.346900,0.005,0.995,1.0
2025-12-12T18:59:14.959035,0.005,0.995,1.0
2025-12-12T18:59:15.584500,0.005,0.995,1.0
2025-12-12T18:59:16.200283,0.005,0.995,1.0
2025-12-12T18:59:16.814184,0.005,0.995,1.0
2025-12-12T18:59:17.444692,0.005,0.995,1.0
2025-12-12T18:59:16.259615,0.005,0.995,1.0
2025-12-12T18:59:16.897821,0.005,0.995,1.0
2025-12-12T18:59:17.527143,0.005,0.995,1.0
2025-12-12T18:59:18.191797,0.005,0.995,1.0
2025-12-12T18:59:18.809506,0.005,0.995,1.0
2025-12-12T18:59:19.431663,0.005,0.995,1.0
2025-12-12T18:59:20.051331,0.005,0.995,1.0
2025-12-12T18:59:20.682334,0.005,0.995,1.0
2025-12-12T18:59:21.308978,0.005,0.995,1.0
2025-12-12T18:59:21.913959,0.005,0.995,1.0
2025-12-12T18:59:22.524771,0.005,0.995,1.0
2025-12-12T18:59:23.135980,0.005,0.995,1.0
2025-12-12T18:59:23.748567,0.005,0.995,1.0
2025-12-12T18:59:24.355555,0.005,0.995,1.0
2025-12-12T18:59:24.955403,0.005,0.995,1.0
2025-12-12T18:59:25.566375,0.005,0.995,1.0
2025-12-12T18:59:26.183412,0.005,0.995,1.0
2025-12-12T18:59:26.794097,0.005,0.995,1.0
2025-12-12T18:59:27.418371,0.005,0.995,1.0
2025-12-12T18:59:28.034700,0.005,0.995,1.0
2025-12-12T18:59:28.650778,0.005,0.995,1.0
2025-12-12T18:59:29.273049,0.005,0.995,1.0
2025-12-12T18:59:29.910966,0.005,0.995,1.0
2025-12-12T18:59:30.523399,0.005,0.995,1.0
2025-12-12T18:59:31.134904,0.005,0.995,1.0
2025-12-12T18:59:31.748833,0.005,0.995,1.0
2025-12-12T18:59:32.364122,0.005,0.995,1.0
2025-12-12T18:59:32.965261,0.005,0.995,1.0
2025-12-12T18:59:33.589027,0.005,0.995,1.0
2025-12-12T18:59:34.196441,0.005,0.995,1.0
2025-12-12T18:59:34.811512,0.005,0.995,1.0
2025-12-12T18:59:35.428332,0.005,0.995,1.0
2025-12-12T18:59:36.036358,0.005,0.995,1.0
2025-12-12T18:59:36.665830,0.005,0.995,1.0
2025-12-12T18:59:37.285166,0.005,0.995,1.0
2025-12-12T18:59:37.890389,0.005,0.995,1.0
2025-12-12T18:59:38.500872,0.005,0.995,1.0
2025-12-12T18:59:39.127449,0.005,0.995,1.0
2025-12-12T18:59:39.759747,0.005,0.995,1.0
2025-12-12T18:59:40.369058,0.005,0.995,1.0
2025-12-12T18:59:41.005170,0.005,0.995,1.0
2025-12-12T18:59:41.631912,0.005,0.995,1.0
2025-12-12T18:59:42.260156,0.005,0.995,1.0
2025-12-12T18:59:42.876273,0.005,0.995,1.0
2025-12-12T18:59:43.488758,0.005,0.995,1.0
2025-12-12T18:59:44.103647,0.005,0.995,1.0
2025-12-12T18:59:44.725848,0.005,0.995,1.0
2025-12-12T18:59:45.327165,0.005,0.995,1.0
2025-12-12T18:59:45.972128,0.005,0.995,1.0
2025-12-12T18:59:46.588232,0.005,0.995,1.0
2025-12-12T18:59:47.203241,0.005,0.995,1.0
2025-12-12T18:59:47.815785,0.005,0.995,1.0
2025-12-12T18:59:46.612089,0.005,0.995,1.0
2025-12-12T18:59:47.217128,0.005,0.995,1.0
2025-12-12T18:59:47.856129,0.005,0.995,1.0
2025-12-12T18:59:48.461954,0.005,0.995,1.0
2025-12-12T18:59:49.083083,0.005,0.995,1.0
2025-12-12T18:59:49.711140,0.005,0.995,1.0
2025-12-12T18:59:50.323284,0.005,0.995,1.0
2025-12-12T18:59:50.925519,0.005,0.995,1.0
2025-12-12T18:59:51.539722,0.005,0.995,1.0
2025-12-12T18:59:52.163985,0.005,0.995,1.0
2025-12-12T18:59:52.794226,0.005,0.995,1.0
2025-12-12T18:59:53.425705,0.005,0.995,1.0
2025-12-12T18:59:54.040271,0.005,0.995,1.0
2025-12-12T18:59:54.645590,0.005,0.995,1.0
2025-12-12T18:59:55.248666,0.005,0.995,1.0
2025-12-12T18:59:55.882059,0.005,0.995,1.0
2025-12-12T18:59:56.501131,0.005,0.995,1.0
2025-12-12T18:59:57.109816,0.005,0.995,1.0
2025-12-12T18:59:57.728585,0.005,0.995,1.0
2025-12-12T18:59:58.338340,0.005,0.995,1.0
2025-12-12T18:59:58.953140,0.005,0.995,1.0
2025-12-12T18:59:59.574651,0.005,0.995,1.0
2025-12-12T19:00:00.179462,0.005,0.995,1.0
2025-12-12T19:00:00.796898,0.005,0.995,1.0
2025-12-12T19:00:01.411761,0.005,0.995,1.0
2025-12-12T19:00:02.038814,0.005,0.995,1.0
2025-12-12T19:00:02.698350,0.005,0.995,1.0
2025-12-12T19:00:03.355252,0.005,0.995,1.0
2025-12-12T19:00:03.964605,0.005,0.995,1.0
2025-12-12T19:00:04.582359,0.005,0.995,1.0
2025-12-12T19:00:05.184584,0.005,0.995,1.0
2025-12-12T19:00:05.798291,0.005,0.995,1.0
2025-12-12T19:00:06.407489,0.005,0.995,1.0
2025-12-12T19:00:07.008639,0.005,0.995,1.0
2025-12-12T19:00:07.622589,0.005,0.995,1.0
2025-12-12T19:00:08.248707,0.005,0.995,1.0
2025-12-12T19:00:08.866984,0.005,0.995,1.0
2025-12-12T19:00:09.474425,0.005,0.995,1.0
2025-12-12T19:00:10.105960,0.005,0.995,1.0
2025-12-12T19:00:10.732909,0.005,0.995,1.0
2025-12-12T19:00:11.356009,0.005,0.995,1.0
2025-12-12T19:00:11.981038,0.005,0.995,1.0
2025-12-12T19:00:12.608121,0.005,0.995,1.0
2025-12-12T19:00:13.250495,0.005,0.995,1.0
2025-12-12T19:00:13.851915,0.005,0.995,1.0
2025-12-12T19:00:14.462416,0.005,0.995,1.0
2025-12-12T19:00:15.082322,0.005,0.995,1.0
2025-12-12T19:00:15.687924,0.005,0.995,1.0
2025-12-12T19:00:16.306158,0.005,0.995,1.0
2025-12-12T19:00:16.907263,0.005,0.995,1.0
2025-12-12T19:00:17.532908,0.005,0.995,1.0
2025-12-12T19:00:18.163060,0.005,0.995,1.0
2025-12-12T19:00:16.934763,0.005,0.995,1.0
2025-12-12T19:00:17.547298,0.005,0.995,1.0
2025-12-12T19:00:18.170974,0.005,0.995,1.0
2025-12-12T19:00:18.788041,0.005,0.995,1.0
2025-12-12T19:00:19.402942,0.005,0.995,1.0
2025-12-12T19:00:20.025315,0.005,0.995,1.0
2025-12-12T19:00:20.633412,0.005,0.995,1.0
2025-12-12T19:00:21.248403,0.005,0.995,1.0
2025-12-12T19:00:21.884090,0.005,0.995,1.0
2025-12-12T19:00:22.492347,0.005,0.995,1.0
2025-12-12T19:00:23.119377,0.005,0.995,1.0
2025-12-12T19:00:23.723726,0.005,0.995,1.0
2025-12-12T19:00:24.327490,0.005,0.995,1.0
2025-12-12T19:00:24.943947,0.005,0.995,1.0
2025-12-12T19:00:25.552207,0.005,0.995,1.0
2025-12-12T19:00:26.153380,0.005,0.995,1.0
2025-12-12T19:00:26.765176,0.005,0.995,1.0
2025-12-12T19:00:27.373890,0.005,0.995,1.0
2025-12-12T19:00:27.976666,0.005,0.995,1.0
2025-12-12T19:00:28.595754,0.005,0.995,1.0
2025-12-12T19:00:29.258362,0.005,0.995,1.0
2025-12-12T19:00:29.869139,0.005,0.995,1.0
2025-12-12T19:00:30.510419,0.005,0.995,1.0
2025-12-12T19:00:31.127923,0.005,0.995,1.0
2025-12-12T19:00:31.729638,0.005,0.995,1.0
2025-12-12T19:00:32.347349,0.005,0.995,1.0
2025-12-12T19:00:32.963049,0.005,0.995,1.0
2025-12-12T19:00:33.574308,0.005,0.995,1.0
2025-12-12T19:00:34.181707,0.005,0.995,1.0
2025-12-12T19:00:34.781147,0.005,0.995,1.0
2025-12-12T19:00:35.393600,0.005,0.995,1.0
2025-12-12T19:00:36.006695,0.005,0.995,1.0
2025-12-12T19:00:36.616468,0.005,0.995,1.0
2025-12-12T19:00:37.241150,0.005,0.995,1.0
2025-12-12T19:00:37.850269,0.005,0.995,1.0
2025-12-12T19:00:38.448524,0.005,0.995,1.0
2025-12-12T19:00:39.068347,0.005,0.995,1.0
2025-12-12T19:00:39.685085,0.005,0.995,1.0
2025-12-12T19:00:40.302054,0.005,0.995,1.0
2025-12-12T19:00:40.906561,0.005,0.995,1.0
2025-12-12T19:00:41.522924,0.005,0.995,1.0
2025-12-12T19:00:42.147833,0.005,0.995,1.0
2025-12-12T19:00:42.780488,0.005,0.995,1.0
2025-12-12T19:00:43.388210,0.005,0.995,1.0
2025-12-12T19:00:43.994328,0.005,0.995,1.0
2025-12-12T19:00:44.605388,0.005,0.995,1.0
2025-12-12T19:00:45.210645,0.005,0.995,1.0
2025-12-12T19:00:45.830910,0.005,0.995,1.0
2025-12-12T19:00:46.438326,0.005,0.995,1.0
2025-12-12T19:00:47.049772,0.005,0.995,1.0
2025-12-12T19:00:47.654798,0.005,0.995,1.0
2025-12-12T19:00:48.262046,0.005,0.995,1.0
2025-12-12T19:00:48.874892,0.005,0.995,1.0
2025-12-12T19:00:47.657671,0.005,0.995,1.0
2025-12-12T19:00:48.283354,0.005,0.995,1.0
2025-12-12T19:00:48.923781,0.005,0.995,1.0
2025-12-12T19:00:49.551061,0.005,0.995,1.0
2025-12-12T19:00:50.175701,0.005,0.995,1.0
2025-12-12T19:00:50.798459,0.005,0.995,1.0
2025-12-12T19:00:51.409221,0.005,0.995,1.0
2025-12-12T19:00:52.023152,0.005,0.995,1.0
2025-12-12T19:00:52.625563,0.005,0.995,1.0
2025-12-12T19:00:53.231359,0.005,0.995,1.0
2025-12-12T19:00:53.862708,0.005,0.995,1.0
2025-12-12T19:00:54.476970,0.005,0.995,1.0
2025-12-12T19:00:55.077430,0.005,0.995,1.0
2025-12-12T19:00:55.678186,0.005,0.995,1.0
2025-12-12T19:00:56.284646,0.005,0.995,1.0
2025-12-12T19:00:56.895294,0.005,0.995,1.0
2025-12-12T19:00:57.508997,0.005,0.995,1.0
2025-12-12T19:00:58.138429,0.005,0.995,1.0
2025-12-12T19:00:58.747887,0.005,0.995,1.0
2025-12-12T19:00:59.370435,0.005,0.995,1.0
2025-12-12T19:00:59.987840,0.005,0.995,1.0
