timestamp,price_yes,price_no,sum_prices
2025-12-11T06:31:00.532981,0.495,0.505,1.0
2025-12-11T06:31:01.136204,0.495,0.505,1.0
2025-12-11T06:31:01.740929,0.495,0.505,1.0
2025-12-11T06:31:02.341724,0.495,0.505,1.0
2025-12-11T06:31:02.934129,0.495,0.505,1.0
2025-12-11T06:31:01.961041,0.495,0.505,1.0
2025-12-11T06:31:02.564297,0.495,0.505,1.0
2025-12-11T06:31:03.162394,0.495,0.505,1.0
2025-12-11T06:31:03.764568,0.495,0.505,1.0
2025-12-11T06:31:04.366575,0.495,0.505,1.0
2025-12-11T06:31:04.969697,0.495,0.505,1.0
2025-12-11T06:31:05.563943,0.495,0.505,1.0
2025-12-11T06:31:06.175978,0.495,0.51,1.005
2025-12-11T06:31:06.807963,0.48,0.54,1.02
2025-12-11T06:31:07.417229,0.455,0.545,1.0
2025-12-11T06:31:08.018360,0.455,0.545,1.0
2025-12-11T06:31:08.617454,0.455,0.545,1.0
2025-12-11T06:31:09.220044,0.455,0.545,1.0
2025-12-11T06:31:09.818538,0.455,0.545,1.0
2025-12-11T06:31:10.420894,0.455,0.545,1.0
2025-12-11T06:31:11.037485,0.455,0.545,1.0
2025-12-11T06:31:11.642856,0.455,0.545,1.0
2025-12-11T06:31:12.247812,0.455,0.545,1.0
2025-12-11T06:31:12.863245,0.455,0.545,1.0
2025-12-11T06:31:13.482395,0.455,0.545,1.0
2025-12-11T06:31:14.091203,0.46,0.54,1.0
2025-12-11T06:31:14.697379,0.455,0.545,1.0
2025-12-11T06:31:15.299327,0.46,0.54,1.0
2025-12-11T06:31:15.907656,0.465,0.535,1.0
2025-12-11T06:31:16.517190,0.455,0.545,1.0
2025-12-11T06:31:17.119031,0.455,0.545,1.0
2025-12-11T06:31:17.723767,0.46,0.54,1.0
2025-12-11T06:31:18.317782,0.46,0.54,1.0
2025-12-11T06:31:18.917740,0.465,0.535,1.0
2025-12-11T06:31:19.521761,0.465,0.535,1.0
2025-12-11T06:31:20.115694,0.47,0.53,1.0
2025-12-11T06:31:20.725012,0.47,0.53,1.0
2025-12-11T06:31:21.318936,0.47,0.53,1.0
2025-12-11T06:31:21.910607,0.465,0.535,1.0
2025-12-11T06:31:22.515487,0.465,0.53,0.9950000000000001
2025-12-11T06:31:23.118893,0.46,0.54,1.0
2025-12-11T06:31:23.721040,0.455,0.545,1.0
2025-12-11T06:31:24.329739,0.455,0.545,1.0
2025-12-11T06:31:24.926959,0.455,0.545,1.0
2025-12-11T06:31:25.525228,0.455,0.545,1.0
2025-12-11T06:31:26.134365,0.455,0.54,0.9950000000000001
2025-12-11T06:31:26.733400,0.455,0.545,1.0
2025-12-11T06:31:27.343403,0.435,0.565,1.0
2025-12-11T06:31:27.939470,0.435,0.565,1.0
2025-12-11T06:31:28.539319,0.435,0.565,1.0
2025-12-11T06:31:29.133197,0.445,0.555,1.0
2025-12-11T06:31:29.737694,0.445,0.555,1.0
2025-12-11T06:31:30.337190,0.445,0.555,1.0
2025-12-11T06:31:30.934874,0.465,0.535,1.0
2025-12-11T06:31:31.551215,0.465,0.535,1.0
2025-12-11T06:31:32.160249,0.465,0.535,1.0
2025-12-11T06:31:32.764492,0.465,0.535,1.0
2025-12-11T06:31:33.375259,0.445,0.555,1.0
2025-12-11T06:31:32.409373,0.465,0.535,1.0
2025-12-11T06:31:33.004796,0.465,0.535,1.0
2025-12-11T06:31:33.610179,0.46,0.54,1.0
2025-12-11T06:31:34.217215,0.46,0.54,1.0
2025-12-11T06:31:34.827270,0.465,0.535,1.0
2025-12-11T06:31:35.431094,0.46,0.54,1.0
2025-12-11T06:31:36.038275,0.455,0.545,1.0
2025-12-11T06:31:36.643507,0.455,0.54,0.9950000000000001
2025-12-11T06:31:37.246556,0.465,0.535,1.0
2025-12-11T06:31:37.853384,0.475,0.525,1.0
2025-12-11T06:31:38.447629,0.475,0.525,1.0
2025-12-11T06:31:39.047969,0.475,0.525,1.0
2025-12-11T06:31:39.645714,0.475,0.525,1.0
2025-12-11T06:31:40.241967,0.475,0.525,1.0
2025-12-11T06:31:40.839226,0.485,0.515,1.0
2025-12-11T06:31:41.436375,0.485,0.515,1.0
2025-12-11T06:31:42.042656,0.485,0.515,1.0
2025-12-11T06:31:42.734816,0.485,0.515,1.0
2025-12-11T06:31:43.342807,0.485,0.515,1.0
2025-12-11T06:31:43.947888,0.485,0.515,1.0
2025-12-11T06:31:44.552123,0.485,0.515,1.0
2025-12-11T06:31:45.159927,0.485,0.515,1.0
2025-12-11T06:31:45.756635,0.485,0.515,1.0
2025-12-11T06:31:46.357953,0.485,0.515,1.0
2025-12-11T06:31:46.963705,0.49,0.51,1.0
2025-12-11T06:31:47.565276,0.495,0.505,1.0
2025-12-11T06:31:48.171238,0.495,0.505,1.0
2025-12-11T06:31:48.770753,0.495,0.505,1.0
2025-12-11T06:31:49.368303,0.495,0.505,1.0
2025-12-11T06:31:49.970381,0.495,0.505,1.0
2025-12-11T06:31:50.576622,0.495,0.505,1.0
2025-12-11T06:31:51.220331,0.49,0.51,1.0
2025-12-11T06:31:51.832104,0.485,0.515,1.0
2025-12-11T06:31:52.442397,0.485,0.515,1.0
2025-12-11T06:31:53.037776,0.475,0.525,1.0
2025-12-11T06:31:53.637143,0.465,0.535,1.0
2025-12-11T06:31:54.246129,0.465,0.535,1.0
2025-12-11T06:31:54.841174,0.465,0.535,1.0
2025-12-11T06:31:55.447003,0.475,0.525,1.0
2025-12-11T06:31:56.047140,0.465,0.535,1.0
2025-12-11T06:31:56.666626,0.465,0.545,1.01
2025-12-11T06:31:57.267617,0.455,0.545,1.0
2025-12-11T06:31:57.868813,0.455,0.545,1.0
2025-12-11T06:31:58.476380,0.46,0.54,1.0
2025-12-11T06:31:59.085667,0.46,0.54,1.0
2025-12-11T06:31:59.693771,0.465,0.535,1.0
2025-12-11T06:32:00.293675,0.465,0.535,1.0
2025-12-11T06:32:00.889428,0.46,0.54,1.0
2025-12-11T06:32:01.493504,0.455,0.545,1.0
2025-12-11T06:32:02.101678,0.46,0.54,1.0
2025-12-11T06:32:02.708607,0.46,0.54,1.0
2025-12-11T06:32:03.312672,0.46,0.54,1.0
2025-12-11T06:32:03.921725,0.46,0.54,1.0
2025-12-11T06:32:04.520405,0.46,0.54,1.0
2025-12-11T06:32:03.555287,0.46,0.54,1.0
2025-12-11T06:32:04.155300,0.46,0.54,1.0
2025-12-11T06:32:04.755968,0.48,0.52,1.0
2025-12-11T06:32:05.361603,0.48,0.52,1.0
2025-12-11T06:32:05.983449,0.485,0.515,1.0
2025-12-11T06:32:06.583976,0.485,0.515,1.0
2025-12-11T06:32:07.188069,0.485,0.515,1.0
2025-12-11T06:32:07.787988,0.465,0.535,1.0
2025-12-11T06:32:08.390804,0.485,0.515,1.0
2025-12-11T06:32:08.991138,0.485,0.515,1.0
2025-12-11T06:32:09.611120,0.485,0.515,1.0
2025-12-11T06:32:10.218081,0.495,0.505,1.0
2025-12-11T06:32:10.828002,0.505,0.495,1.0
2025-12-11T06:32:11.429317,0.505,0.495,1.0
2025-12-11T06:32:12.031483,0.505,0.495,1.0
2025-12-11T06:32:12.639063,0.515,0.485,1.0
2025-12-11T06:32:13.247736,0.515,0.485,1.0
2025-12-11T06:32:13.847208,0.515,0.485,1.0
2025-12-11T06:32:14.452987,0.515,0.485,1.0
2025-12-11T06:32:15.056171,0.505,0.495,1.0
2025-12-11T06:32:15.659152,0.495,0.505,1.0
2025-12-11T06:32:16.258883,0.49,0.51,1.0
2025-12-11T06:32:16.858978,0.49,0.51,1.0
2025-12-11T06:32:17.450248,0.485,0.515,1.0
2025-12-11T06:32:18.054299,0.475,0.525,1.0
2025-12-11T06:32:18.662750,0.475,0.53,1.005
2025-12-11T06:32:19.262591,0.46,0.54,1.0
2025-12-11T06:32:19.855943,0.46,0.54,1.0
2025-12-11T06:32:20.458171,0.465,0.535,1.0
2025-12-11T06:32:21.055592,0.465,0.535,1.0
2025-12-11T06:32:21.654953,0.465,0.535,1.0
2025-12-11T06:32:22.246669,0.46,0.54,1.0
2025-12-11T06:32:22.852644,0.485,0.52,1.005
2025-12-11T06:32:23.456714,0.49,0.51,1.0
2025-12-11T06:32:24.063501,0.495,0.505,1.0
2025-12-11T06:32:24.665268,0.505,0.495,1.0
2025-12-11T06:32:25.272303,0.505,0.495,1.0
2025-12-11T06:32:25.873032,0.505,0.495,1.0
2025-12-11T06:32:26.479813,0.5,0.5,1.0
2025-12-11T06:32:27.080635,0.5,0.5,1.0
2025-12-11T06:32:27.688267,0.5,0.5,1.0
2025-12-11T06:32:28.285571,0.505,0.495,1.0
2025-12-11T06:32:28.885821,0.505,0.495,1.0
2025-12-11T06:32:29.497216,0.505,0.495,1.0
2025-12-11T06:32:30.098012,0.505,0.495,1.0
2025-12-11T06:32:30.703836,0.515,0.485,1.0
2025-12-11T06:32:31.295845,0.515,0.485,1.0
2025-12-11T06:32:31.890138,0.515,0.485,1.0
2025-12-11T06:32:32.493825,0.515,0.485,1.0
2025-12-11T06:32:33.087071,0.515,0.485,1.0
2025-12-11T06:32:33.685039,0.515,0.485,1.0
2025-12-11T06:32:34.276845,0.515,0.485,1.0
2025-12-11T06:32:34.872790,0.515,0.485,1.0
2025-12-11T06:32:33.909342,0.505,0.495,1.0
2025-12-11T06:32:34.512235,0.51,0.485,0.995
2025-12-11T06:32:35.115615,0.515,0.49,1.005
2025-12-11T06:32:35.712114,0.505,0.495,1.0
2025-12-11T06:32:36.308522,0.505,0.495,1.0
2025-12-11T06:32:36.903229,0.505,0.495,1.0
2025-12-11T06:32:37.573107,0.505,0.495,1.0
2025-12-11T06:32:38.171811,0.505,0.495,1.0
2025-12-11T06:32:38.775244,0.505,0.495,1.0
2025-12-11T06:32:39.388644,0.505,0.495,1.0
2025-12-11T06:32:39.985651,0.51,0.49,1.0
2025-12-11T06:32:40.585051,0.51,0.49,1.0
2025-12-11T06:32:41.185062,0.51,0.49,1.0
2025-12-11T06:32:41.782658,0.51,0.49,1.0
2025-12-11T06:32:42.394881,0.505,0.495,1.0
2025-12-11T06:32:42.990269,0.505,0.495,1.0
2025-12-11T06:32:43.589887,0.51,0.49,1.0
2025-12-11T06:32:44.192647,0.505,0.495,1.0
2025-12-11T06:32:44.785099,0.505,0.495,1.0
2025-12-11T06:32:45.379850,0.505,0.5,1.005
2025-12-11T06:32:45.978430,0.495,0.505,1.0
2025-12-11T06:32:46.575522,0.495,0.505,1.0
2025-12-11T06:32:47.187588,0.455,0.555,1.01
2025-12-11T06:32:47.783395,0.415,0.585,1.0
2025-12-11T06:32:48.384633,0.415,0.585,1.0
2025-12-11T06:32:48.991069,0.415,0.585,1.0
2025-12-11T06:32:49.590599,0.415,0.585,1.0
2025-12-11T06:32:50.198844,0.42,0.575,0.9949999999999999
2025-12-11T06:32:50.800268,0.425,0.575,1.0
2025-12-11T06:32:51.404992,0.425,0.575,1.0
2025-12-11T06:32:52.008136,0.425,0.575,1.0
2025-12-11T06:32:52.615760,0.415,0.585,1.0
2025-12-11T06:32:53.220492,0.415,0.585,1.0
2025-12-11T06:32:53.817079,0.425,0.575,1.0
2025-12-11T06:32:54.418233,0.425,0.575,1.0
2025-12-11T06:32:55.055650,0.425,0.575,1.0
2025-12-11T06:32:55.659269,0.415,0.585,1.0
2025-12-11T06:32:56.263232,0.415,0.585,1.0
2025-12-11T06:32:56.868298,0.415,0.585,1.0
2025-12-11T06:32:57.469454,0.415,0.585,1.0
2025-12-11T06:32:58.077238,0.425,0.575,1.0
2025-12-11T06:32:58.677876,0.42,0.58,1.0
2025-12-11T06:32:59.281158,0.415,0.585,1.0
2025-12-11T06:32:59.885788,0.425,0.575,1.0
2025-12-11T06:33:00.485787,0.42,0.58,1.0
2025-12-11T06:33:01.088811,0.42,0.58,1.0
2025-12-11T06:33:01.687393,0.42,0.58,1.0
2025-12-11T06:33:02.285998,0.42,0.58,1.0
2025-12-11T06:33:02.892465,0.43,0.565,0.9949999999999999
2025-12-11T06:33:03.502087,0.435,0.565,1.0
2025-12-11T06:33:04.111512,0.435,0.565,1.0
2025-12-11T06:33:04.716389,0.435,0.565,1.0
2025-12-11T06:33:05.337684,0.435,0.565,1.0
2025-12-11T06:33:05.958536,0.435,0.565,1.0
2025-12-11T06:33:04.992710,0.435,0.565,1.0
2025-12-11T06:33:05.595756,0.425,0.57,0.9949999999999999
2025-12-11T06:33:06.191706,0.43,0.575,1.005
2025-12-11T06:33:06.794044,0.435,0.565,1.0
2025-12-11T06:33:07.398023,0.43,0.57,1.0
2025-12-11T06:33:08.006848,0.43,0.57,1.0
2025-12-11T06:33:08.609449,0.43,0.57,1.0
2025-12-11T06:33:09.223113,0.43,0.57,1.0
2025-12-11T06:33:09.830576,0.43,0.57,1.0
2025-12-11T06:33:10.471927,0.435,0.565,1.0
2025-12-11T06:33:11.076710,0.435,0.565,1.0
2025-12-11T06:33:11.678996,0.435,0.565,1.0
2025-12-11T06:33:12.276509,0.445,0.555,1.0
2025-12-11T06:33:12.880811,0.445,0.555,1.0
2025-12-11T06:33:13.482492,0.445,0.555,1.0
2025-12-11T06:33:14.083798,0.445,0.555,1.0
2025-12-11T06:33:14.687824,0.445,0.555,1.0
2025-12-11T06:33:15.289861,0.475,0.525,1.0
2025-12-11T06:33:15.890327,0.475,0.525,1.0
2025-12-11T06:33:16.489924,0.485,0.515,1.0
2025-12-11T06:33:17.093133,0.495,0.505,1.0
2025-12-11T06:33:17.694270,0.485,0.51,0.995
2025-12-11T06:33:18.295812,0.495,0.505,1.0
2025-12-11T06:33:18.902445,0.49,0.51,1.0
2025-12-11T06:33:19.509341,0.49,0.51,1.0
2025-12-11T06:33:20.114360,0.49,0.51,1.0
2025-12-11T06:33:20.716327,0.49,0.51,1.0
2025-12-11T06:33:21.310704,0.485,0.515,1.0
2025-12-11T06:33:21.913149,0.495,0.505,1.0
2025-12-11T06:33:22.518371,0.495,0.505,1.0
2025-12-11T06:33:23.123031,0.495,0.505,1.0
2025-12-11T06:33:23.724978,0.505,0.495,1.0
2025-12-11T06:33:24.438331,0.505,0.495,1.0
2025-12-11T06:33:25.047557,0.505,0.5,1.005
2025-12-11T06:33:25.651205,0.505,0.495,1.0
2025-12-11T06:33:26.246984,0.505,0.495,1.0
2025-12-11T06:33:26.853364,0.5,0.5,1.0
2025-12-11T06:33:27.461712,0.5,0.5,1.0
2025-12-11T06:33:28.068472,0.5,0.5,1.0
2025-12-11T06:33:28.667385,0.5,0.5,1.0
2025-12-11T06:33:29.275109,0.5,0.5,1.0
2025-12-11T06:33:29.888173,0.5,0.5,1.0
2025-12-11T06:33:30.490190,0.505,0.495,1.0
2025-12-11T06:33:31.098340,0.5,0.5,1.0
2025-12-11T06:33:31.693461,0.5,0.5,1.0
2025-12-11T06:33:32.291622,0.505,0.495,1.0
2025-12-11T06:33:32.908395,0.505,0.495,1.0
2025-12-11T06:33:33.504191,0.505,0.495,1.0
2025-12-11T06:33:34.106633,0.505,0.495,1.0
2025-12-11T06:33:34.724508,0.505,0.495,1.0
2025-12-11T06:33:35.328446,0.5,0.5,1.0
2025-12-11T06:33:35.933513,0.495,0.5,0.995
2025-12-11T06:33:36.535953,0.495,0.505,1.0
2025-12-11T06:33:35.566238,0.495,0.505,1.0
2025-12-11T06:33:36.170132,0.495,0.505,1.0
2025-12-11T06:33:36.769812,0.485,0.515,1.0
2025-12-11T06:33:37.372611,0.465,0.535,1.0
2025-12-11T06:33:37.967611,0.465,0.535,1.0
2025-12-11T06:33:38.571419,0.455,0.545,1.0
2025-12-11T06:33:39.173725,0.425,0.575,1.0
2025-12-11T06:33:39.782628,0.425,0.575,1.0
2025-12-11T06:33:40.388423,0.415,0.585,1.0
2025-12-11T06:33:40.988816,0.405,0.595,1.0
2025-12-11T06:33:41.592602,0.4,0.6,1.0
2025-12-11T06:33:42.186472,0.395,0.605,1.0
2025-12-11T06:33:42.795400,0.395,0.605,1.0
2025-12-11T06:33:43.393439,0.395,0.605,1.0
2025-12-11T06:33:44.063308,0.39,0.61,1.0
2025-12-11T06:33:44.686706,0.39,0.61,1.0
2025-12-11T06:33:45.290739,0.385,0.615,1.0
2025-12-11T06:33:45.900480,0.385,0.625,1.01
2025-12-11T06:33:46.499429,0.375,0.625,1.0
2025-12-11T06:33:47.101213,0.375,0.625,1.0
2025-12-11T06:33:47.709116,0.375,0.625,1.0
2025-12-11T06:33:48.329166,0.375,0.625,1.0
2025-12-11T06:33:48.928717,0.375,0.615,0.99
2025-12-11T06:33:49.535284,0.385,0.615,1.0
2025-12-11T06:33:50.142132,0.375,0.625,1.0
2025-12-11T06:33:50.736283,0.385,0.615,1.0
2025-12-11T06:33:51.348609,0.385,0.615,1.0
2025-12-11T06:33:51.947385,0.385,0.615,1.0
2025-12-11T06:33:52.540428,0.39,0.605,0.995
2025-12-11T06:33:53.165056,0.395,0.605,1.0
2025-12-11T06:33:53.767510,0.395,0.605,1.0
2025-12-11T06:33:54.379366,0.395,0.605,1.0
2025-12-11T06:33:54.980863,0.39,0.61,1.0
2025-12-11T06:33:55.584545,0.395,0.61,1.005
2025-12-11T06:33:56.189308,0.39,0.61,1.0
2025-12-11T06:33:56.801031,0.39,0.61,1.0
2025-12-11T06:33:57.414768,0.385,0.61,0.995
2025-12-11T06:33:58.014143,0.39,0.61,1.0
2025-12-11T06:33:58.619788,0.385,0.615,1.0
2025-12-11T06:33:59.219788,0.41,0.595,1.005
2025-12-11T06:33:59.834667,0.4,0.595,0.995
2025-12-11T06:34:00.460282,0.375,0.625,1.0
2025-12-11T06:34:01.062814,0.39,0.61,1.0
2025-12-11T06:34:01.658450,0.385,0.61,0.995
2025-12-11T06:34:02.256091,0.39,0.61,1.0
2025-12-11T06:34:02.853826,0.39,0.61,1.0
2025-12-11T06:34:03.458563,0.39,0.61,1.0
2025-12-11T06:34:04.059758,0.39,0.61,1.0
2025-12-11T06:34:04.664406,0.39,0.615,1.005
2025-12-11T06:34:05.300484,0.39,0.61,1.0
2025-12-11T06:34:05.930933,0.39,0.61,1.0
2025-12-11T06:34:06.536119,0.395,0.605,1.0
2025-12-11T06:34:07.131339,0.395,0.605,1.0
2025-12-11T06:34:06.193472,0.395,0.605,1.0
2025-12-11T06:34:06.793411,0.395,0.605,1.0
2025-12-11T06:34:07.388076,0.385,0.615,1.0
2025-12-11T06:34:07.983873,0.39,0.61,1.0
2025-12-11T06:34:08.586026,0.395,0.605,1.0
2025-12-11T06:34:09.181117,0.395,0.605,1.0
2025-12-11T06:34:10.026557,0.385,0.615,1.0
2025-12-11T06:34:10.630085,0.375,0.625,1.0
2025-12-11T06:34:11.233990,0.375,0.625,1.0
2025-12-11T06:34:11.837297,0.375,0.625,1.0
2025-12-11T06:34:12.440266,0.375,0.625,1.0
2025-12-11T06:34:13.065786,0.37,0.63,1.0
2025-12-11T06:34:13.665498,0.37,0.63,1.0
2025-12-11T06:34:14.265958,0.37,0.635,1.005
2025-12-11T06:34:14.881749,0.365,0.635,1.0
2025-12-11T06:34:15.483663,0.365,0.635,1.0
2025-12-11T06:34:16.083667,0.365,0.635,1.0
2025-12-11T06:34:16.691082,0.355,0.645,1.0
2025-12-11T06:34:17.299737,0.36,0.64,1.0
2025-12-11T06:34:17.902607,0.355,0.645,1.0
2025-12-11T06:34:18.506488,0.36,0.64,1.0
2025-12-11T06:34:19.110087,0.365,0.635,1.0
2025-12-11T06:34:19.712409,0.36,0.64,1.0
2025-12-11T06:34:20.320937,0.36,0.64,1.0
2025-12-11T06:34:20.926508,0.355,0.645,1.0
2025-12-11T06:34:21.532551,0.345,0.655,1.0
2025-12-11T06:34:22.134078,0.345,0.655,1.0
2025-12-11T06:34:22.734254,0.345,0.655,1.0
2025-12-11T06:34:23.336040,0.345,0.655,1.0
2025-12-11T06:34:23.938632,0.345,0.655,1.0
2025-12-11T06:34:24.541710,0.345,0.655,1.0
2025-12-11T06:34:25.155830,0.335,0.67,1.0050000000000001
2025-12-11T06:34:25.750626,0.335,0.66,0.9950000000000001
2025-12-11T06:34:26.358654,0.345,0.655,1.0
2025-12-11T06:34:26.970410,0.335,0.665,1.0
2025-12-11T06:34:27.572271,0.34,0.66,1.0
2025-12-11T06:34:28.173373,0.34,0.66,1.0
2025-12-11T06:34:28.826598,0.34,0.66,1.0
2025-12-11T06:34:29.433685,0.34,0.66,1.0
2025-12-11T06:34:30.034229,0.34,0.66,1.0
2025-12-11T06:34:30.633055,0.335,0.665,1.0
2025-12-11T06:34:31.256224,0.345,0.655,1.0
2025-12-11T06:34:31.860227,0.345,0.655,1.0
2025-12-11T06:34:32.465349,0.345,0.655,1.0
2025-12-11T06:34:33.070097,0.325,0.675,1.0
2025-12-11T06:34:33.670738,0.325,0.675,1.0
2025-12-11T06:34:34.272478,0.325,0.675,1.0
2025-12-11T06:34:34.879713,0.32,0.675,0.9950000000000001
2025-12-11T06:34:35.486687,0.32,0.68,1.0
2025-12-11T06:34:36.080387,0.32,0.68,1.0
2025-12-11T06:34:36.682089,0.305,0.695,1.0
2025-12-11T06:34:37.350753,0.325,0.675,1.0
2025-12-11T06:34:37.951929,0.325,0.675,1.0
2025-12-11T06:34:36.998283,0.325,0.675,1.0
2025-12-11T06:34:37.592495,0.325,0.675,1.0
2025-12-11T06:34:38.197166,0.325,0.675,1.0
2025-12-11T06:34:38.803248,0.325,0.675,1.0
2025-12-11T06:34:39.400610,0.325,0.675,1.0
2025-12-11T06:34:40.010232,0.325,0.675,1.0
2025-12-11T06:34:40.622501,0.325,0.675,1.0
2025-12-11T06:34:41.229586,0.32,0.68,1.0
2025-12-11T06:34:41.836369,0.32,0.68,1.0
2025-12-11T06:34:42.441125,0.315,0.685,1.0
2025-12-11T06:34:43.047212,0.315,0.685,1.0
2025-12-11T06:34:43.655656,0.305,0.695,1.0
2025-12-11T06:34:44.262095,0.305,0.695,1.0
2025-12-11T06:34:44.862928,0.305,0.695,1.0
2025-12-11T06:34:45.472375,0.295,0.705,1.0
2025-12-11T06:34:46.076357,0.295,0.705,1.0
2025-12-11T06:34:46.689116,0.295,0.7,0.9949999999999999
2025-12-11T06:34:47.298990,0.295,0.705,1.0
2025-12-11T06:34:47.901384,0.285,0.715,1.0
2025-12-11T06:34:48.506444,0.275,0.725,1.0
2025-12-11T06:34:49.113455,0.275,0.725,1.0
2025-12-11T06:34:49.717256,0.265,0.735,1.0
2025-12-11T06:34:50.320408,0.26,0.74,1.0
2025-12-11T06:34:50.923205,0.26,0.74,1.0
2025-12-11T06:34:51.531858,0.255,0.745,1.0
2025-12-11T06:34:52.128863,0.245,0.755,1.0
2025-12-11T06:34:52.738996,0.245,0.755,1.0
2025-12-11T06:34:53.337575,0.245,0.755,1.0
2025-12-11T06:34:53.941646,0.245,0.755,1.0
2025-12-11T06:34:54.546557,0.24,0.755,0.995
2025-12-11T06:34:55.148206,0.24,0.76,1.0
2025-12-11T06:34:55.763035,0.245,0.755,1.0
2025-12-11T06:34:56.376151,0.24,0.76,1.0
2025-12-11T06:34:56.996425,0.24,0.76,1.0
2025-12-11T06:34:57.613525,0.245,0.755,1.0
2025-12-11T06:34:58.217880,0.26,0.74,1.0
2025-12-11T06:34:58.830907,0.265,0.735,1.0
2025-12-11T06:34:59.432300,0.265,0.735,1.0
2025-12-11T06:35:00.037961,0.265,0.735,1.0
2025-12-11T06:35:00.649968,0.265,0.735,1.0
2025-12-11T06:35:01.249562,0.265,0.735,1.0
2025-12-11T06:35:01.854815,0.265,0.735,1.0
2025-12-11T06:35:02.475893,0.265,0.735,1.0
2025-12-11T06:35:03.099025,0.255,0.745,1.0
2025-12-11T06:35:03.713013,0.26,0.735,0.995
2025-12-11T06:35:04.317238,0.265,0.735,1.0
2025-12-11T06:35:04.920174,0.265,0.735,1.0
2025-12-11T06:35:05.550120,0.265,0.735,1.0
2025-12-11T06:35:06.164592,0.255,0.745,1.0
2025-12-11T06:35:06.781549,0.255,0.745,1.0
2025-12-11T06:35:07.401170,0.255,0.745,1.0
2025-12-11T06:35:08.018237,0.255,0.745,1.0
2025-12-11T06:35:08.628820,0.255,0.745,1.0
2025-12-11T06:35:07.678320,0.255,0.745,1.0
2025-12-11T06:35:08.293346,0.245,0.755,1.0
2025-12-11T06:35:08.896560,0.255,0.745,1.0
2025-12-11T06:35:09.510681,0.26,0.74,1.0
2025-12-11T06:35:10.132818,0.245,0.75,0.995
2025-12-11T06:35:10.745851,0.255,0.745,1.0
2025-12-11T06:35:11.350417,0.255,0.745,1.0
2025-12-11T06:35:11.966698,0.255,0.745,1.0
2025-12-11T06:35:12.579294,0.255,0.745,1.0
2025-12-11T06:35:13.197573,0.255,0.745,1.0
2025-12-11T06:35:13.808778,0.255,0.745,1.0
2025-12-11T06:35:14.420932,0.255,0.745,1.0
2025-12-11T06:35:15.020346,0.265,0.735,1.0
2025-12-11T06:35:15.632758,0.265,0.735,1.0
2025-12-11T06:35:16.243077,0.26,0.74,1.0
2025-12-11T06:35:16.863071,0.26,0.74,1.0
2025-12-11T06:35:17.484794,0.26,0.74,1.0
2025-12-11T06:35:18.102340,0.255,0.745,1.0
2025-12-11T06:35:18.712255,0.255,0.745,1.0
2025-12-11T06:35:19.314422,0.255,0.745,1.0
2025-12-11T06:35:19.923817,0.255,0.745,1.0
2025-12-11T06:35:20.535649,0.255,0.745,1.0
2025-12-11T06:35:21.146227,0.255,0.745,1.0
2025-12-11T06:35:21.755315,0.255,0.745,1.0
2025-12-11T06:35:22.370066,0.255,0.745,1.0
2025-12-11T06:35:22.983775,0.255,0.745,1.0
2025-12-11T06:35:23.595951,0.25,0.75,1.0
2025-12-11T06:35:24.206882,0.25,0.75,1.0
2025-12-11T06:35:24.815326,0.265,0.735,1.0
2025-12-11T06:35:25.427941,0.255,0.745,1.0
2025-12-11T06:35:26.041849,0.255,0.745,1.0
2025-12-11T06:35:26.649434,0.245,0.75,0.995
2025-12-11T06:35:27.246870,0.245,0.755,1.0
2025-12-11T06:35:27.859609,0.245,0.755,1.0
2025-12-11T06:35:28.471647,0.245,0.755,1.0
2025-12-11T06:35:29.087410,0.245,0.755,1.0
2025-12-11T06:35:29.697162,0.245,0.755,1.0
2025-12-11T06:35:30.296925,0.245,0.755,1.0
2025-12-11T06:35:30.913124,0.24,0.76,1.0
2025-12-11T06:35:31.531479,0.235,0.765,1.0
2025-12-11T06:35:32.141644,0.235,0.765,1.0
2025-12-11T06:35:32.774139,0.235,0.765,1.0
2025-12-11T06:35:33.381153,0.235,0.765,1.0
2025-12-11T06:35:33.993426,0.235,0.765,1.0
2025-12-11T06:35:34.603595,0.24,0.76,1.0
2025-12-11T06:35:35.199899,0.24,0.76,1.0
2025-12-11T06:35:35.814600,0.24,0.76,1.0
2025-12-11T06:35:36.422113,0.24,0.76,1.0
2025-12-11T06:35:37.036920,0.235,0.765,1.0
2025-12-11T06:35:37.650082,0.235,0.765,1.0
2025-12-11T06:35:38.264105,0.235,0.765,1.0
2025-12-11T06:35:38.881152,0.235,0.765,1.0
2025-12-11T06:35:37.913333,0.24,0.76,1.0
2025-12-11T06:35:38.530237,0.24,0.76,1.0
2025-12-11T06:35:39.149549,0.235,0.765,1.0
2025-12-11T06:35:39.776074,0.245,0.755,1.0
2025-12-11T06:35:40.387596,0.245,0.745,0.99
2025-12-11T06:35:41.004196,0.255,0.745,1.0
2025-12-11T06:35:41.616572,0.255,0.745,1.0
2025-12-11T06:35:42.232129,0.255,0.745,1.0
2025-12-11T06:35:42.853459,0.255,0.745,1.0
2025-12-11T06:35:43.465594,0.255,0.745,1.0
2025-12-11T06:35:44.079895,0.255,0.745,1.0
2025-12-11T06:35:44.690476,0.25,0.75,1.0
2025-12-11T06:35:45.303830,0.25,0.75,1.0
2025-12-11T06:35:45.911329,0.25,0.75,1.0
2025-12-11T06:35:46.524870,0.245,0.755,1.0
2025-12-11T06:35:47.135281,0.245,0.755,1.0
2025-12-11T06:35:47.746834,0.245,0.755,1.0
2025-12-11T06:35:48.364820,0.235,0.765,1.0
2025-12-11T06:35:48.990745,0.235,0.765,1.0
2025-12-11T06:35:49.598164,0.23,0.775,1.0050000000000001
2025-12-11T06:35:50.208919,0.225,0.775,1.0
2025-12-11T06:35:50.822852,0.215,0.785,1.0
2025-12-11T06:35:51.446310,0.215,0.785,1.0
2025-12-11T06:35:52.071632,0.215,0.785,1.0
2025-12-11T06:35:52.680560,0.215,0.785,1.0
2025-12-11T06:35:53.299523,0.215,0.785,1.0
2025-12-11T06:35:53.907001,0.215,0.785,1.0
2025-12-11T06:35:54.520115,0.215,0.785,1.0
2025-12-11T06:35:55.131028,0.215,0.785,1.0
2025-12-11T06:35:55.729266,0.215,0.785,1.0
2025-12-11T06:35:56.340527,0.21,0.79,1.0
2025-12-11T06:35:56.955307,0.21,0.79,1.0
2025-12-11T06:35:57.577584,0.21,0.79,1.0
2025-12-11T06:35:58.180633,0.21,0.79,1.0
2025-12-11T06:35:58.779397,0.21,0.79,1.0
2025-12-11T06:35:59.401177,0.21,0.79,1.0
2025-12-11T06:36:00.032674,0.21,0.79,1.0
2025-12-11T06:36:00.644760,0.21,0.79,1.0
2025-12-11T06:36:01.267700,0.21,0.79,1.0
2025-12-11T06:36:01.872797,0.21,0.795,1.0050000000000001
2025-12-11T06:36:02.497495,0.205,0.795,1.0
2025-12-11T06:36:03.126319,0.205,0.795,1.0
2025-12-11T06:36:03.740288,0.195,0.805,1.0
2025-12-11T06:36:04.335734,0.195,0.805,1.0
2025-12-11T06:36:04.941077,0.195,0.805,1.0
2025-12-11T06:36:05.554820,0.195,0.805,1.0
2025-12-11T06:36:06.168627,0.195,0.805,1.0
2025-12-11T06:36:06.781173,0.195,0.805,1.0
2025-12-11T06:36:07.395243,0.195,0.805,1.0
2025-12-11T06:36:07.993058,0.195,0.805,1.0
2025-12-11T06:36:08.610490,0.195,0.805,1.0
2025-12-11T06:36:09.232175,0.195,0.805,1.0
2025-12-11T06:36:09.841022,0.195,0.805,1.0
2025-12-11T06:36:08.880336,0.195,0.805,1.0
2025-12-11T06:36:09.492864,0.195,0.805,1.0
2025-12-11T06:36:10.107215,0.195,0.805,1.0
2025-12-11T06:36:10.717257,0.185,0.815,1.0
2025-12-11T06:36:11.339308,0.185,0.815,1.0
2025-12-11T06:36:11.947053,0.185,0.815,1.0
2025-12-11T06:36:12.556484,0.185,0.815,1.0
2025-12-11T06:36:13.163452,0.185,0.815,1.0
2025-12-11T06:36:13.780450,0.185,0.815,1.0
2025-12-11T06:36:14.390740,0.185,0.815,1.0
2025-12-11T06:36:15.000260,0.185,0.815,1.0
2025-12-11T06:36:15.617071,0.185,0.815,1.0
2025-12-11T06:36:16.221833,0.185,0.815,1.0
2025-12-11T06:36:16.832502,0.185,0.815,1.0
2025-12-11T06:36:17.447849,0.195,0.805,1.0
2025-12-11T06:36:18.065581,0.205,0.795,1.0
2025-12-11T06:36:18.673849,0.205,0.795,1.0
2025-12-11T06:36:19.283227,0.205,0.795,1.0
2025-12-11T06:36:19.898536,0.215,0.785,1.0
2025-12-11T06:36:20.515953,0.225,0.775,1.0
2025-12-11T06:36:21.135929,0.225,0.775,1.0
2025-12-11T06:36:21.757939,0.225,0.77,0.995
2025-12-11T06:36:22.369442,0.225,0.775,1.0
2025-12-11T06:36:22.985575,0.235,0.765,1.0
2025-12-11T06:36:23.597077,0.235,0.765,1.0
2025-12-11T06:36:24.207687,0.235,0.765,1.0
2025-12-11T06:36:24.833497,0.235,0.765,1.0
2025-12-11T06:36:25.443018,0.235,0.765,1.0
2025-12-11T06:36:26.058235,0.245,0.755,1.0
2025-12-11T06:36:26.671407,0.245,0.755,1.0
2025-12-11T06:36:27.277475,0.255,0.745,1.0
2025-12-11T06:36:27.897272,0.255,0.745,1.0
2025-12-11T06:36:28.509628,0.25,0.75,1.0
2025-12-11T06:36:29.117540,0.255,0.745,1.0
2025-12-11T06:36:29.755874,0.245,0.755,1.0
2025-12-11T06:36:30.359024,0.245,0.755,1.0
2025-12-11T06:36:30.958776,0.225,0.785,1.01
2025-12-11T06:36:31.567673,0.185,0.815,1.0
2025-12-11T06:36:32.173236,0.185,0.81,0.9950000000000001
2025-12-11T06:36:32.787557,0.19,0.81,1.0
2025-12-11T06:36:33.392691,0.195,0.805,1.0
2025-12-11T06:36:34.009370,0.19,0.815,1.005
2025-12-11T06:36:34.693385,0.19,0.81,1.0
2025-12-11T06:36:35.314874,0.19,0.805,0.9950000000000001
2025-12-11T06:36:35.935798,0.195,0.805,1.0
2025-12-11T06:36:36.551920,0.195,0.805,1.0
2025-12-11T06:36:37.171243,0.195,0.805,1.0
2025-12-11T06:36:37.781571,0.205,0.795,1.0
2025-12-11T06:36:38.398365,0.205,0.795,1.0
2025-12-11T06:36:39.005682,0.205,0.795,1.0
2025-12-11T06:36:39.620188,0.215,0.785,1.0
2025-12-11T06:36:40.215208,0.215,0.785,1.0
2025-12-11T06:36:39.253754,0.215,0.785,1.0
2025-12-11T06:36:39.864419,0.215,0.785,1.0
2025-12-11T06:36:40.476330,0.215,0.785,1.0
2025-12-11T06:36:41.092629,0.215,0.785,1.0
2025-12-11T06:36:41.706475,0.215,0.785,1.0
2025-12-11T06:36:42.372997,0.215,0.785,1.0
2025-12-11T06:36:42.981044,0.215,0.785,1.0
2025-12-11T06:36:43.584795,0.215,0.785,1.0
2025-12-11T06:36:44.197615,0.215,0.785,1.0
2025-12-11T06:36:44.814579,0.215,0.785,1.0
2025-12-11T06:36:45.426535,0.215,0.785,1.0
2025-12-11T06:36:46.043435,0.21,0.79,1.0
2025-12-11T06:36:46.646120,0.205,0.795,1.0
2025-12-11T06:36:47.254805,0.205,0.795,1.0
2025-12-11T06:36:47.862475,0.205,0.795,1.0
2025-12-11T06:36:48.470963,0.205,0.785,0.99
2025-12-11T06:36:49.082792,0.215,0.785,1.0
2025-12-11T06:36:49.691825,0.215,0.785,1.0
2025-12-11T06:36:50.306606,0.215,0.785,1.0
2025-12-11T06:36:50.916502,0.215,0.785,1.0
2025-12-11T06:36:51.525446,0.215,0.785,1.0
2025-12-11T06:36:52.137746,0.215,0.785,1.0
2025-12-11T06:36:52.754132,0.235,0.765,1.0
2025-12-11T06:36:53.364357,0.235,0.765,1.0
2025-12-11T06:36:53.975181,0.235,0.765,1.0
2025-12-11T06:36:54.572119,0.235,0.765,1.0
2025-12-11T06:36:55.179743,0.235,0.765,1.0
2025-12-11T06:36:55.787260,0.235,0.765,1.0
2025-12-11T06:36:56.399749,0.235,0.765,1.0
2025-12-11T06:36:57.012866,0.235,0.765,1.0
2025-12-11T06:36:57.629142,0.245,0.755,1.0
2025-12-11T06:36:58.237421,0.245,0.755,1.0
2025-12-11T06:36:58.840604,0.245,0.755,1.0
2025-12-11T06:36:59.451348,0.255,0.745,1.0
2025-12-11T06:37:00.065612,0.265,0.735,1.0
2025-12-11T06:37:00.688332,0.265,0.735,1.0
2025-12-11T06:37:01.296740,0.26,0.74,1.0
2025-12-11T06:37:01.917055,0.26,0.74,1.0
2025-12-11T06:37:02.516602,0.265,0.735,1.0
2025-12-11T06:37:03.112987,0.265,0.735,1.0
2025-12-11T06:37:03.721365,0.265,0.735,1.0
2025-12-11T06:37:04.325596,0.265,0.735,1.0
2025-12-11T06:37:04.931856,0.275,0.725,1.0
2025-12-11T06:37:05.544239,0.295,0.705,1.0
2025-12-11T06:37:06.146532,0.345,0.645,0.99
2025-12-11T06:37:06.764395,0.38,0.615,0.995
2025-12-11T06:37:07.372962,0.395,0.605,1.0
2025-12-11T06:37:07.979627,0.385,0.615,1.0
2025-12-11T06:37:08.600122,0.42,0.565,0.9849999999999999
2025-12-11T06:37:09.207621,0.485,0.515,1.0
2025-12-11T06:37:09.814795,0.485,0.515,1.0
2025-12-11T06:37:10.424973,0.49,0.51,1.0
2025-12-11T06:37:11.023289,0.495,0.505,1.0
2025-12-11T06:37:10.097948,0.535,0.435,0.97
2025-12-11T06:37:10.707309,0.565,0.44,1.005
2025-12-11T06:37:11.316353,0.555,0.445,1.0
2025-12-11T06:37:11.932263,0.545,0.435,0.98
2025-12-11T06:37:12.539837,0.555,0.445,1.0
2025-12-11T06:37:13.146137,0.555,0.435,0.99
2025-12-11T06:37:13.755893,0.54,0.46,1.0
2025-12-11T06:37:14.370385,0.53,0.47,1.0
2025-12-11T06:37:14.974818,0.515,0.485,1.0
2025-12-11T06:37:15.581851,0.52,0.48,1.0
2025-12-11T06:37:16.193864,0.525,0.475,1.0
2025-12-11T06:37:16.805156,0.525,0.475,1.0
2025-12-11T06:37:17.418505,0.515,0.485,1.0
2025-12-11T06:37:18.067545,0.525,0.47,0.995
2025-12-11T06:37:18.679841,0.565,0.43,0.9949999999999999
2025-12-11T06:37:19.290508,0.595,0.405,1.0
2025-12-11T06:37:19.895391,0.585,0.42,1.005
2025-12-11T06:37:20.508068,0.605,0.395,1.0
2025-12-11T06:37:21.110364,0.585,0.415,1.0
2025-12-11T06:37:21.723421,0.59,0.41,1.0
2025-12-11T06:37:22.325543,0.585,0.415,1.0
2025-12-11T06:37:22.940526,0.585,0.415,1.0
2025-12-11T06:37:23.548318,0.595,0.405,1.0
2025-12-11T06:37:24.159633,0.59,0.41,1.0
2025-12-11T06:37:24.772163,0.595,0.405,1.0
2025-12-11T06:37:25.385464,0.6,0.4,1.0
2025-12-11T06:37:25.996144,0.6,0.4,1.0
2025-12-11T06:37:26.605098,0.6,0.4,1.0
2025-12-11T06:37:27.217785,0.615,0.385,1.0
2025-12-11T06:37:27.830281,0.595,0.405,1.0
2025-12-11T06:37:28.439941,0.595,0.405,1.0
2025-12-11T06:37:29.043811,0.605,0.395,1.0
2025-12-11T06:37:29.654307,0.61,0.39,1.0
2025-12-11T06:37:30.264445,0.605,0.395,1.0
2025-12-11T06:37:30.872247,0.605,0.395,1.0
2025-12-11T06:37:31.482695,0.605,0.395,1.0
2025-12-11T06:37:32.085852,0.6,0.4,1.0
2025-12-11T06:37:32.696066,0.6,0.4,1.0
2025-12-11T06:37:33.309231,0.6,0.4,1.0
2025-12-11T06:37:33.921954,0.605,0.395,1.0
2025-12-11T06:37:34.533588,0.605,0.395,1.0
2025-12-11T06:37:35.145949,0.6,0.385,0.985
2025-12-11T06:37:35.752474,0.61,0.39,1.0
2025-12-11T06:37:36.351764,0.605,0.395,1.0
2025-12-11T06:37:36.964354,0.605,0.395,1.0
2025-12-11T06:37:37.573708,0.61,0.39,1.0
2025-12-11T06:37:38.191675,0.605,0.395,1.0
2025-12-11T06:37:38.802668,0.615,0.385,1.0
2025-12-11T06:37:39.412242,0.605,0.395,1.0
2025-12-11T06:37:40.027559,0.615,0.39,1.005
2025-12-11T06:37:40.637337,0.61,0.39,1.0
2025-12-11T06:37:41.250382,0.61,0.39,1.0
2025-12-11T06:37:41.856598,0.61,0.39,1.0
2025-12-11T06:37:40.911197,0.61,0.39,1.0
2025-12-11T06:37:41.521657,0.57,0.44,1.01
2025-12-11T06:37:42.133468,0.54,0.46,1.0
2025-12-11T06:37:42.741565,0.545,0.455,1.0
2025-12-11T06:37:43.349661,0.56,0.44,1.0
2025-12-11T06:37:43.962841,0.56,0.44,1.0
2025-12-11T06:37:44.569695,0.565,0.435,1.0
2025-12-11T06:37:45.178156,0.565,0.435,1.0
2025-12-11T06:37:45.795939,0.565,0.44,1.005
2025-12-11T06:37:46.402847,0.56,0.44,1.0
2025-12-11T06:37:47.020563,0.56,0.44,1.0
2025-12-11T06:37:47.628682,0.56,0.44,1.0
2025-12-11T06:37:48.242568,0.56,0.44,1.0
2025-12-11T06:37:48.850822,0.555,0.455,1.01
2025-12-11T06:37:49.470106,0.545,0.455,1.0
2025-12-11T06:37:50.077955,0.545,0.455,1.0
2025-12-11T06:37:50.685011,0.545,0.455,1.0
2025-12-11T06:37:51.304412,0.545,0.455,1.0
2025-12-11T06:37:51.916341,0.545,0.455,1.0
2025-12-11T06:37:52.519577,0.555,0.445,1.0
2025-12-11T06:37:53.137487,0.55,0.45,1.0
2025-12-11T06:37:53.747677,0.545,0.455,1.0
2025-12-11T06:37:54.368862,0.54,0.46,1.0
2025-12-11T06:37:54.981179,0.545,0.455,1.0
2025-12-11T06:37:55.594152,0.54,0.46,1.0
2025-12-11T06:37:56.205747,0.54,0.46,1.0
2025-12-11T06:37:56.823988,0.54,0.46,1.0
2025-12-11T06:37:57.435744,0.54,0.455,0.9950000000000001
2025-12-11T06:37:58.062762,0.54,0.46,1.0
2025-12-11T06:37:58.673215,0.54,0.46,1.0
2025-12-11T06:37:59.284621,0.54,0.46,1.0
2025-12-11T06:37:59.894629,0.54,0.46,1.0
2025-12-11T06:38:00.510289,0.54,0.46,1.0
2025-12-11T06:38:01.127535,0.54,0.46,1.0
2025-12-11T06:38:01.744770,0.54,0.46,1.0
2025-12-11T06:38:02.353765,0.555,0.465,1.02
2025-12-11T06:38:02.966521,0.52,0.48,1.0
2025-12-11T06:38:03.571998,0.475,0.535,1.01
2025-12-11T06:38:04.181895,0.465,0.53,0.9950000000000001
2025-12-11T06:38:04.802042,0.48,0.52,1.0
2025-12-11T06:38:05.409709,0.48,0.52,1.0
2025-12-11T06:38:06.018314,0.475,0.525,1.0
2025-12-11T06:38:06.628669,0.48,0.52,1.0
2025-12-11T06:38:07.240848,0.485,0.515,1.0
2025-12-11T06:38:07.853118,0.485,0.515,1.0
2025-12-11T06:38:08.462219,0.485,0.515,1.0
2025-12-11T06:38:09.073448,0.485,0.515,1.0
2025-12-11T06:38:09.701708,0.48,0.52,1.0
2025-12-11T06:38:10.310713,0.48,0.52,1.0
2025-12-11T06:38:10.923245,0.48,0.52,1.0
2025-12-11T06:38:11.531974,0.48,0.52,1.0
2025-12-11T06:38:12.146446,0.48,0.52,1.0
2025-12-11T06:38:11.202387,0.485,0.515,1.0
2025-12-11T06:38:11.808936,0.485,0.515,1.0
2025-12-11T06:38:12.502300,0.485,0.515,1.0
2025-12-11T06:38:13.115916,0.485,0.515,1.0
2025-12-11T06:38:13.730366,0.485,0.515,1.0
2025-12-11T06:38:14.341431,0.485,0.515,1.0
2025-12-11T06:38:14.955172,0.485,0.515,1.0
2025-12-11T06:38:15.569148,0.48,0.52,1.0
2025-12-11T06:38:16.195355,0.48,0.52,1.0
2025-12-11T06:38:16.813533,0.48,0.52,1.0
2025-12-11T06:38:17.426157,0.48,0.52,1.0
2025-12-11T06:38:18.286228,0.475,0.52,0.995
2025-12-11T06:38:18.896020,0.485,0.515,1.0
2025-12-11T06:38:19.509509,0.485,0.515,1.0
2025-12-11T06:38:20.122362,0.485,0.515,1.0
2025-12-11T06:38:20.732800,0.48,0.52,1.0
2025-12-11T06:38:21.355649,0.48,0.52,1.0
2025-12-11T06:38:21.967651,0.48,0.52,1.0
2025-12-11T06:38:22.576822,0.48,0.52,1.0
2025-12-11T06:38:23.203316,0.48,0.52,1.0
2025-12-11T06:38:23.813414,0.48,0.52,1.0
2025-12-11T06:38:24.430766,0.48,0.52,1.0
2025-12-11T06:38:25.053989,0.48,0.52,1.0
2025-12-11T06:38:25.668864,0.48,0.52,1.0
2025-12-11T06:38:26.279832,0.475,0.525,1.0
2025-12-11T06:38:26.893517,0.475,0.525,1.0
2025-12-11T06:38:27.507197,0.48,0.52,1.0
2025-12-11T06:38:28.118979,0.475,0.525,1.0
2025-12-11T06:38:28.732252,0.475,0.525,1.0
2025-12-11T06:38:29.341451,0.42,0.585,1.005
2025-12-11T06:38:29.944882,0.415,0.585,1.0
2025-12-11T06:38:30.543849,0.405,0.595,1.0
2025-12-11T06:38:31.148535,0.41,0.595,1.005
2025-12-11T06:38:31.758859,0.415,0.585,1.0
2025-12-11T06:38:32.361003,0.415,0.585,1.0
2025-12-11T06:38:32.967255,0.415,0.585,1.0
2025-12-11T06:38:33.576914,0.415,0.585,1.0
2025-12-11T06:38:34.169847,0.415,0.585,1.0
2025-12-11T06:38:34.788937,0.415,0.585,1.0
2025-12-11T06:38:35.402312,0.4,0.595,0.995
2025-12-11T06:38:36.020573,0.405,0.59,0.995
2025-12-11T06:38:36.628205,0.405,0.595,1.0
2025-12-11T06:38:37.240787,0.4,0.6,1.0
2025-12-11T06:38:37.847702,0.395,0.605,1.0
2025-12-11T06:38:38.452610,0.39,0.615,1.005
2025-12-11T06:38:39.050494,0.39,0.61,1.0
2025-12-11T06:38:39.662193,0.39,0.61,1.0
2025-12-11T06:38:40.260249,0.39,0.61,1.0
2025-12-11T06:38:40.863542,0.385,0.615,1.0
2025-12-11T06:38:41.460087,0.395,0.605,1.0
2025-12-11T06:38:42.066870,0.395,0.605,1.0
2025-12-11T06:38:42.668715,0.395,0.605,1.0
2025-12-11T06:38:43.276828,0.395,0.605,1.0
2025-12-11T06:38:42.328690,0.395,0.605,1.0
2025-12-11T06:38:42.929695,0.4,0.6,1.0
2025-12-11T06:38:43.534771,0.4,0.6,1.0
2025-12-11T06:38:44.142304,0.4,0.585,0.985
2025-12-11T06:38:44.740654,0.405,0.595,1.0
2025-12-11T06:38:45.347289,0.405,0.595,1.0
2025-12-11T06:38:45.949768,0.405,0.595,1.0
2025-12-11T06:38:46.562149,0.405,0.595,1.0
2025-12-11T06:38:47.155302,0.405,0.595,1.0
2025-12-11T06:38:47.753225,0.395,0.605,1.0
2025-12-11T06:38:48.356557,0.395,0.605,1.0
2025-12-11T06:38:48.973555,0.395,0.605,1.0
2025-12-11T06:38:49.586645,0.395,0.605,1.0
2025-12-11T06:38:50.188713,0.395,0.605,1.0
2025-12-11T06:38:50.801671,0.395,0.605,1.0
2025-12-11T06:38:51.401933,0.395,0.605,1.0
2025-12-11T06:38:51.999129,0.41,0.59,1.0
2025-12-11T06:38:52.611000,0.415,0.585,1.0
2025-12-11T06:38:53.209515,0.45,0.55,1.0
2025-12-11T06:38:53.812934,0.465,0.535,1.0
2025-12-11T06:38:54.438394,0.47,0.54,1.01
2025-12-11T06:38:55.048737,0.46,0.535,0.9950000000000001
2025-12-11T06:38:55.652508,0.465,0.535,1.0
2025-12-11T06:38:56.283357,0.46,0.535,0.9950000000000001
2025-12-11T06:38:56.889674,0.465,0.535,1.0
2025-12-11T06:38:57.500717,0.465,0.535,1.0
2025-12-11T06:38:58.096163,0.465,0.535,1.0
2025-12-11T06:38:58.691984,0.465,0.535,1.0
2025-12-11T06:38:59.319494,0.465,0.535,1.0
2025-12-11T06:38:59.927911,0.465,0.525,0.99
2025-12-11T06:39:00.539180,0.465,0.535,1.0
2025-12-11T06:39:01.158701,0.505,0.495,1.0
2025-12-11T06:39:01.755705,0.505,0.495,1.0
2025-12-11T06:39:02.362803,0.505,0.495,1.0
2025-12-11T06:39:02.964594,0.505,0.495,1.0
2025-12-11T06:39:03.561549,0.505,0.495,1.0
2025-12-11T06:39:04.170925,0.51,0.485,0.995
2025-12-11T06:39:04.786236,0.52,0.48,1.0
2025-12-11T06:39:05.407385,0.525,0.475,1.0
2025-12-11T06:39:06.017448,0.535,0.465,1.0
2025-12-11T06:39:06.630450,0.535,0.47,1.005
2025-12-11T06:39:07.242904,0.52,0.48,1.0
2025-12-11T06:39:07.861882,0.515,0.485,1.0
2025-12-11T06:39:08.462215,0.515,0.485,1.0
2025-12-11T06:39:09.072296,0.515,0.485,1.0
2025-12-11T06:39:09.668983,0.515,0.485,1.0
2025-12-11T06:39:10.276581,0.515,0.485,1.0
2025-12-11T06:39:10.883288,0.495,0.5,0.995
2025-12-11T06:39:11.497915,0.47,0.525,0.995
2025-12-11T06:39:12.103668,0.485,0.515,1.0
2025-12-11T06:39:12.731736,0.49,0.51,1.0
2025-12-11T06:39:13.337551,0.49,0.51,1.0
2025-12-11T06:39:13.941702,0.495,0.51,1.005
2025-12-11T06:39:12.976943,0.5,0.495,0.995
2025-12-11T06:39:13.582992,0.505,0.495,1.0
2025-12-11T06:39:14.197086,0.52,0.48,1.0
2025-12-11T06:39:14.790360,0.525,0.475,1.0
2025-12-11T06:39:15.405024,0.525,0.475,1.0
2025-12-11T06:39:16.019275,0.525,0.475,1.0
2025-12-11T06:39:16.615925,0.525,0.475,1.0
2025-12-11T06:39:17.213749,0.525,0.475,1.0
2025-12-11T06:39:17.822035,0.525,0.475,1.0
2025-12-11T06:39:18.426033,0.525,0.475,1.0
2025-12-11T06:39:19.029109,0.51,0.495,1.005
2025-12-11T06:39:19.635112,0.485,0.515,1.0
2025-12-11T06:39:20.245333,0.485,0.515,1.0
2025-12-11T06:39:20.848529,0.485,0.515,1.0
2025-12-11T06:39:21.457192,0.485,0.515,1.0
2025-12-11T06:39:22.057783,0.485,0.515,1.0
2025-12-11T06:39:22.666821,0.455,0.545,1.0
2025-12-11T06:39:23.269829,0.455,0.545,1.0
2025-12-11T06:39:23.879459,0.445,0.555,1.0
2025-12-11T06:39:24.486220,0.38,0.64,1.02
2025-12-11T06:39:25.088564,0.335,0.665,1.0
2025-12-11T06:39:25.687207,0.325,0.675,1.0
2025-12-11T06:39:26.297522,0.335,0.665,1.0
2025-12-11T06:39:26.903795,0.33,0.67,1.0
2025-12-11T06:39:27.502470,0.335,0.665,1.0
2025-12-11T06:39:28.102989,0.33,0.665,0.9950000000000001
2025-12-11T06:39:28.707672,0.325,0.675,1.0
2025-12-11T06:39:29.334925,0.34,0.66,1.0
2025-12-11T06:39:29.938794,0.335,0.665,1.0
2025-12-11T06:39:30.542376,0.325,0.68,1.0050000000000001
2025-12-11T06:39:31.138418,0.315,0.685,1.0
2025-12-11T06:39:31.741001,0.275,0.725,1.0
2025-12-11T06:39:32.351518,0.26,0.74,1.0
2025-12-11T06:39:32.962157,0.255,0.745,1.0
2025-12-11T06:39:33.555811,0.255,0.745,1.0
2025-12-11T06:39:34.155353,0.255,0.735,0.99
2025-12-11T06:39:34.756364,0.265,0.735,1.0
2025-12-11T06:39:35.358732,0.265,0.735,1.0
2025-12-11T06:39:35.973025,0.265,0.735,1.0
2025-12-11T06:39:36.565622,0.275,0.725,1.0
2025-12-11T06:39:37.161398,0.275,0.725,1.0
2025-12-11T06:39:37.769701,0.275,0.725,1.0
2025-12-11T06:39:38.370046,0.275,0.725,1.0
2025-12-11T06:39:38.979654,0.275,0.725,1.0
2025-12-11T06:39:39.575380,0.275,0.725,1.0
2025-12-11T06:39:40.168026,0.275,0.725,1.0
2025-12-11T06:39:40.777082,0.275,0.725,1.0
2025-12-11T06:39:41.385374,0.275,0.725,1.0
2025-12-11T06:39:41.988743,0.275,0.725,1.0
2025-12-11T06:39:42.590883,0.27,0.73,1.0
2025-12-11T06:39:43.195505,0.27,0.73,1.0
2025-12-11T06:39:43.800314,0.275,0.725,1.0
2025-12-11T06:39:44.401738,0.275,0.725,1.0
2025-12-11T06:39:43.448119,0.275,0.725,1.0
2025-12-11T06:39:44.053690,0.275,0.725,1.0
2025-12-11T06:39:44.652649,0.275,0.725,1.0
2025-12-11T06:39:45.257888,0.275,0.725,1.0
2025-12-11T06:39:45.860802,0.275,0.725,1.0
2025-12-11T06:39:46.459605,0.275,0.725,1.0
2025-12-11T06:39:47.060397,0.28,0.72,1.0
2025-12-11T06:39:47.664317,0.28,0.72,1.0
2025-12-11T06:39:48.263780,0.285,0.715,1.0
2025-12-11T06:39:48.863507,0.295,0.705,1.0
2025-12-11T06:39:49.467445,0.295,0.705,1.0
2025-12-11T06:39:50.070732,0.28,0.72,1.0
2025-12-11T06:39:50.677293,0.27,0.735,1.005
2025-12-11T06:39:51.288914,0.265,0.735,1.0
2025-12-11T06:39:51.890721,0.26,0.74,1.0
2025-12-11T06:39:52.496224,0.255,0.745,1.0
2025-12-11T06:39:53.100825,0.255,0.745,1.0
2025-12-11T06:39:53.708719,0.255,0.745,1.0
2025-12-11T06:39:54.319553,0.255,0.745,1.0
2025-12-11T06:39:54.929271,0.255,0.745,1.0
2025-12-11T06:39:55.536475,0.255,0.745,1.0
2025-12-11T06:39:56.140424,0.255,0.745,1.0
2025-12-11T06:39:56.742982,0.26,0.74,1.0
2025-12-11T06:39:57.350359,0.26,0.74,1.0
2025-12-11T06:39:57.964923,0.255,0.745,1.0
2025-12-11T06:39:58.567211,0.255,0.745,1.0
2025-12-11T06:39:59.172086,0.255,0.745,1.0
2025-12-11T06:39:59.780555,0.255,0.745,1.0
2025-12-11T06:40:00.381090,0.255,0.745,1.0
2025-12-11T06:40:01.003927,0.255,0.745,1.0
2025-12-11T06:40:01.615983,0.265,0.735,1.0
2025-12-11T06:40:02.219764,0.255,0.75,1.005
2025-12-11T06:40:02.829304,0.245,0.755,1.0
2025-12-11T06:40:03.444199,0.235,0.765,1.0
2025-12-11T06:40:04.050824,0.22,0.78,1.0
2025-12-11T06:40:04.653164,0.225,0.775,1.0
2025-12-11T06:40:05.291995,0.21,0.79,1.0
2025-12-11T06:40:05.892105,0.21,0.79,1.0
2025-12-11T06:40:06.504291,0.21,0.79,1.0
2025-12-11T06:40:07.132979,0.205,0.795,1.0
2025-12-11T06:40:07.737591,0.185,0.815,1.0
2025-12-11T06:40:08.340662,0.185,0.815,1.0
2025-12-11T06:40:08.947492,0.185,0.815,1.0
2025-12-11T06:40:09.546932,0.165,0.835,1.0
2025-12-11T06:40:10.155045,0.16,0.84,1.0
2025-12-11T06:40:10.759086,0.185,0.815,1.0
2025-12-11T06:40:11.374251,0.17,0.83,1.0
2025-12-11T06:40:11.995391,0.185,0.815,1.0
2025-12-11T06:40:12.609216,0.175,0.825,1.0
2025-12-11T06:40:13.228014,0.175,0.825,1.0
2025-12-11T06:40:13.830740,0.175,0.825,1.0
2025-12-11T06:40:14.440110,0.19,0.805,0.9950000000000001
2025-12-11T06:40:15.043746,0.215,0.785,1.0
2025-12-11T06:40:14.076406,0.23,0.77,1.0
2025-12-11T06:40:14.705552,0.235,0.765,1.0
2025-12-11T06:40:15.320257,0.245,0.755,1.0
2025-12-11T06:40:15.936591,0.28,0.72,1.0
2025-12-11T06:40:16.540799,0.285,0.715,1.0
2025-12-11T06:40:17.157015,0.285,0.715,1.0
2025-12-11T06:40:17.750542,0.285,0.715,1.0
2025-12-11T06:40:18.347622,0.275,0.725,1.0
2025-12-11T06:40:18.958065,0.275,0.725,1.0
2025-12-11T06:40:19.576241,0.275,0.725,1.0
2025-12-11T06:40:20.190188,0.275,0.725,1.0
2025-12-11T06:40:20.805706,0.27,0.73,1.0
2025-12-11T06:40:21.423038,0.26,0.74,1.0
2025-12-11T06:40:22.035681,0.255,0.745,1.0
2025-12-11T06:40:22.645130,0.265,0.735,1.0
2025-12-11T06:40:23.241044,0.27,0.73,1.0
2025-12-11T06:40:23.861286,0.26,0.74,1.0
2025-12-11T06:40:24.466879,0.26,0.735,0.995
2025-12-11T06:40:25.075283,0.275,0.725,1.0
2025-12-11T06:40:25.684826,0.26,0.74,1.0
2025-12-11T06:40:26.290555,0.265,0.735,1.0
2025-12-11T06:40:26.895990,0.26,0.74,1.0
2025-12-11T06:40:27.498329,0.26,0.74,1.0
2025-12-11T06:40:28.109247,0.26,0.74,1.0
2025-12-11T06:40:28.712433,0.265,0.735,1.0
2025-12-11T06:40:29.311789,0.265,0.735,1.0
2025-12-11T06:40:29.909857,0.265,0.735,1.0
2025-12-11T06:40:30.514727,0.265,0.735,1.0
2025-12-11T06:40:31.127024,0.265,0.735,1.0
2025-12-11T06:40:31.735609,0.265,0.735,1.0
2025-12-11T06:40:32.350157,0.265,0.735,1.0
2025-12-11T06:40:32.953459,0.265,0.735,1.0
2025-12-11T06:40:33.548794,0.265,0.735,1.0
2025-12-11T06:40:34.158257,0.27,0.73,1.0
2025-12-11T06:40:34.755383,0.265,0.735,1.0
2025-12-11T06:40:35.356089,0.265,0.73,0.995
2025-12-11T06:40:35.955288,0.27,0.73,1.0
2025-12-11T06:40:36.568525,0.27,0.73,1.0
2025-12-11T06:40:37.173644,0.27,0.73,1.0
2025-12-11T06:40:37.790320,0.26,0.74,1.0
2025-12-11T06:40:38.408593,0.255,0.745,1.0
2025-12-11T06:40:39.004215,0.27,0.725,0.995
2025-12-11T06:40:39.601261,0.27,0.73,1.0
2025-12-11T06:40:40.215022,0.27,0.73,1.0
2025-12-11T06:40:40.824131,0.265,0.735,1.0
2025-12-11T06:40:41.426435,0.265,0.735,1.0
2025-12-11T06:40:42.027739,0.265,0.735,1.0
2025-12-11T06:40:42.629467,0.265,0.735,1.0
2025-12-11T06:40:43.234146,0.265,0.735,1.0
2025-12-11T06:40:43.837846,0.26,0.74,1.0
2025-12-11T06:40:44.434848,0.27,0.73,1.0
2025-12-11T06:40:45.062876,0.255,0.745,1.0
2025-12-11T06:40:45.670164,0.255,0.745,1.0
2025-12-11T06:40:44.711213,0.265,0.735,1.0
2025-12-11T06:40:45.319558,0.26,0.74,1.0
2025-12-11T06:40:45.916770,0.265,0.735,1.0
2025-12-11T06:40:46.523828,0.265,0.735,1.0
2025-12-11T06:40:47.129345,0.265,0.735,1.0
2025-12-11T06:40:47.737071,0.255,0.745,1.0
2025-12-11T06:40:48.351239,0.255,0.745,1.0
2025-12-11T06:40:48.956164,0.245,0.755,1.0
2025-12-11T06:40:49.567926,0.25,0.75,1.0
2025-12-11T06:40:50.170067,0.255,0.75,1.005
2025-12-11T06:40:50.784637,0.25,0.75,1.0
2025-12-11T06:40:51.392696,0.25,0.75,1.0
2025-12-11T06:40:51.988869,0.245,0.755,1.0
2025-12-11T06:40:52.598219,0.25,0.75,1.0
2025-12-11T06:40:53.197752,0.245,0.755,1.0
2025-12-11T06:40:53.802377,0.245,0.755,1.0
2025-12-11T06:40:54.420974,0.245,0.755,1.0
2025-12-11T06:40:55.026388,0.245,0.755,1.0
2025-12-11T06:40:55.634082,0.245,0.755,1.0
2025-12-11T06:40:56.224715,0.245,0.755,1.0
2025-12-11T06:40:56.829486,0.245,0.755,1.0
2025-12-11T06:40:57.436583,0.245,0.755,1.0
2025-12-11T06:40:58.034791,0.245,0.755,1.0
2025-12-11T06:40:58.637090,0.245,0.75,0.995
2025-12-11T06:40:59.244758,0.255,0.745,1.0
2025-12-11T06:40:59.853194,0.255,0.745,1.0
2025-12-11T06:41:00.455435,0.245,0.755,1.0
2025-12-11T06:41:01.062860,0.235,0.765,1.0
2025-12-11T06:41:01.669050,0.235,0.775,1.01
2025-12-11T06:41:02.283708,0.225,0.8,1.0250000000000001
2025-12-11T06:41:02.895718,0.14,0.865,1.005
2025-12-11T06:41:03.503850,0.13,0.87,1.0
2025-12-11T06:41:04.116391,0.125,0.875,1.0
2025-12-11T06:41:04.720485,0.125,0.875,1.0
2025-12-11T06:41:05.327851,0.125,0.875,1.0
2025-12-11T06:41:05.933882,0.13,0.87,1.0
2025-12-11T06:41:06.533482,0.13,0.87,1.0
2025-12-11T06:41:07.172933,0.14,0.86,1.0
2025-12-11T06:41:07.787916,0.14,0.86,1.0
2025-12-11T06:41:08.393908,0.135,0.865,1.0
2025-12-11T06:41:08.995363,0.135,0.865,1.0
2025-12-11T06:41:09.601074,0.135,0.865,1.0
2025-12-11T06:41:10.204234,0.135,0.865,1.0
2025-12-11T06:41:10.808215,0.135,0.865,1.0
2025-12-11T06:41:11.412867,0.135,0.865,1.0
2025-12-11T06:41:12.021173,0.145,0.855,1.0
2025-12-11T06:41:12.624797,0.185,0.815,1.0
2025-12-11T06:41:13.227330,0.185,0.815,1.0
2025-12-11T06:41:13.841151,0.185,0.83,1.015
2025-12-11T06:41:14.446450,0.135,0.87,1.005
2025-12-11T06:41:15.047607,0.125,0.875,1.0
2025-12-11T06:41:15.659268,0.145,0.855,1.0
2025-12-11T06:41:16.263630,0.135,0.865,1.0
2025-12-11T06:41:16.870620,0.15,0.84,0.99
2025-12-11T06:41:15.912223,0.16,0.84,1.0
2025-12-11T06:41:16.520742,0.16,0.84,1.0
2025-12-11T06:41:17.123232,0.165,0.835,1.0
2025-12-11T06:41:17.729133,0.165,0.835,1.0
2025-12-11T06:41:18.336007,0.165,0.835,1.0
2025-12-11T06:41:18.942913,0.165,0.835,1.0
2025-12-11T06:41:19.545576,0.17,0.83,1.0
2025-12-11T06:41:20.152924,0.17,0.83,1.0
2025-12-11T06:41:20.755820,0.175,0.825,1.0
2025-12-11T06:41:21.359752,0.175,0.825,1.0
2025-12-11T06:41:21.970392,0.175,0.825,1.0
2025-12-11T06:41:22.599794,0.17,0.83,1.0
2025-12-11T06:41:23.206089,0.17,0.83,1.0
2025-12-11T06:41:23.817363,0.165,0.835,1.0
2025-12-11T06:41:24.419815,0.165,0.835,1.0
2025-12-11T06:41:25.033032,0.165,0.835,1.0
2025-12-11T06:41:25.644902,0.165,0.835,1.0
2025-12-11T06:41:26.258456,0.165,0.84,1.005
2025-12-11T06:41:26.862831,0.165,0.835,1.0
2025-12-11T06:41:27.465022,0.155,0.845,1.0
2025-12-11T06:41:28.064586,0.15,0.855,1.005
2025-12-11T06:41:28.669978,0.145,0.855,1.0
2025-12-11T06:41:29.274811,0.145,0.855,1.0
2025-12-11T06:41:29.883636,0.145,0.855,1.0
2025-12-11T06:41:30.487933,0.145,0.855,1.0
2025-12-11T06:41:31.091237,0.145,0.855,1.0
2025-12-11T06:41:31.693367,0.145,0.855,1.0
2025-12-11T06:41:32.293335,0.14,0.86,1.0
2025-12-11T06:41:32.902643,0.14,0.86,1.0
2025-12-11T06:41:33.507458,0.135,0.865,1.0
2025-12-11T06:41:34.119579,0.125,0.875,1.0
2025-12-11T06:41:34.732210,0.13,0.87,1.0
2025-12-11T06:41:35.353650,0.13,0.87,1.0
2025-12-11T06:41:35.961765,0.135,0.865,1.0
2025-12-11T06:41:36.570265,0.135,0.865,1.0
2025-12-11T06:41:37.177789,0.125,0.875,1.0
2025-12-11T06:41:37.794422,0.115,0.885,1.0
2025-12-11T06:41:38.408629,0.12,0.88,1.0
2025-12-11T06:41:39.013337,0.125,0.875,1.0
2025-12-11T06:41:39.624793,0.12,0.88,1.0
2025-12-11T06:41:40.228642,0.115,0.875,0.99
2025-12-11T06:41:40.831572,0.12,0.88,1.0
2025-12-11T06:41:41.430475,0.115,0.885,1.0
2025-12-11T06:41:42.042122,0.115,0.885,1.0
2025-12-11T06:41:42.633384,0.115,0.885,1.0
2025-12-11T06:41:43.257833,0.115,0.885,1.0
2025-12-11T06:41:43.857752,0.115,0.885,1.0
2025-12-11T06:41:44.461854,0.12,0.88,1.0
2025-12-11T06:41:45.067415,0.125,0.875,1.0
2025-12-11T06:41:45.674618,0.12,0.88,1.0
2025-12-11T06:41:46.285866,0.115,0.885,1.0
2025-12-11T06:41:46.893502,0.065,0.935,1.0
2025-12-11T06:41:47.516108,0.065,0.935,1.0
2025-12-11T06:41:46.544578,0.05,0.955,1.005
2025-12-11T06:41:47.155177,0.035,0.965,1.0
2025-12-11T06:41:47.763146,0.065,0.935,1.0
2025-12-11T06:41:48.380269,0.065,0.935,1.0
2025-12-11T06:41:49.007122,0.07,0.93,1.0
2025-12-11T06:41:49.608719,0.085,0.92,1.0050000000000001
2025-12-11T06:41:50.206405,0.075,0.925,1.0
2025-12-11T06:41:50.818564,0.075,0.925,1.0
2025-12-11T06:41:51.416651,0.07,0.93,1.0
2025-12-11T06:41:52.021633,0.065,0.935,1.0
2025-12-11T06:41:52.634355,0.065,0.935,1.0
2025-12-11T06:41:53.259869,0.065,0.935,1.0
2025-12-11T06:41:53.867647,0.065,0.935,1.0
2025-12-11T06:41:54.478270,0.075,0.925,1.0
2025-12-11T06:41:55.090365,0.065,0.935,1.0
2025-12-11T06:41:55.699606,0.065,0.935,1.0
2025-12-11T06:41:56.326286,0.065,0.935,1.0
2025-12-11T06:41:56.942236,0.055,0.945,1.0
2025-12-11T06:41:57.557489,0.055,0.935,0.9900000000000001
2025-12-11T06:41:58.154979,0.06,0.94,1.0
2025-12-11T06:41:58.764037,0.06,0.94,1.0
2025-12-11T06:41:59.375764,0.065,0.935,1.0
2025-12-11T06:41:59.979551,0.07,0.93,1.0
2025-12-11T06:42:00.591714,0.065,0.935,1.0
2025-12-11T06:42:01.190419,0.065,0.935,1.0
2025-12-11T06:42:01.790896,0.06,0.94,1.0
2025-12-11T06:42:02.398739,0.065,0.935,1.0
2025-12-11T06:42:03.010809,0.06,0.94,1.0
2025-12-11T06:42:03.611618,0.055,0.945,1.0
2025-12-11T06:42:04.225418,0.06,0.94,1.0
2025-12-11T06:42:04.841159,0.045,0.955,1.0
2025-12-11T06:42:05.471105,0.05,0.945,0.995
2025-12-11T06:42:06.083791,0.05,0.95,1.0
2025-12-11T06:42:06.694041,0.055,0.945,1.0
2025-12-11T06:42:07.306907,0.06,0.935,0.9950000000000001
2025-12-11T06:42:07.920302,0.065,0.935,1.0
2025-12-11T06:42:08.542056,0.07,0.93,1.0
2025-12-11T06:42:09.154445,0.07,0.925,0.9950000000000001
2025-12-11T06:42:09.776074,0.07,0.93,1.0
2025-12-11T06:42:10.385290,0.07,0.93,1.0
2025-12-11T06:42:11.001041,0.065,0.935,1.0
2025-12-11T06:42:11.621900,0.075,0.925,1.0
2025-12-11T06:42:12.234544,0.075,0.925,1.0
2025-12-11T06:42:12.852114,0.065,0.935,1.0
2025-12-11T06:42:13.469466,0.07,0.93,1.0
2025-12-11T06:42:14.069322,0.07,0.93,1.0
2025-12-11T06:42:14.679874,0.075,0.925,1.0
2025-12-11T06:42:15.298867,0.09,0.905,0.995
2025-12-11T06:42:15.918897,0.105,0.905,1.01
2025-12-11T06:42:16.532335,0.055,0.945,1.0
2025-12-11T06:42:17.150106,0.055,0.945,1.0
2025-12-11T06:42:17.767582,0.075,0.91,0.985
2025-12-11T06:42:16.804780,0.085,0.915,1.0
2025-12-11T06:42:17.409212,0.1,0.9,1.0
2025-12-11T06:42:18.018046,0.085,0.905,0.99
2025-12-11T06:42:18.625309,0.08,0.92,1.0
2025-12-11T06:42:19.243088,0.085,0.91,0.995
2025-12-11T06:42:19.852964,0.095,0.905,1.0
2025-12-11T06:42:20.467097,0.09,0.91,1.0
2025-12-11T06:42:21.076209,0.085,0.915,1.0
2025-12-11T06:42:21.688907,0.095,0.905,1.0
2025-12-11T06:42:22.298491,0.1,0.905,1.0050000000000001
2025-12-11T06:42:22.897307,0.095,0.905,1.0
2025-12-11T06:42:23.493700,0.09,0.915,1.0050000000000001
2025-12-11T06:42:24.106533,0.09,0.91,1.0
2025-12-11T06:42:24.708695,0.09,0.91,1.0
2025-12-11T06:42:25.325038,0.09,0.91,1.0
2025-12-11T06:42:25.937473,0.09,0.91,1.0
2025-12-11T06:42:26.549246,0.09,0.91,1.0
2025-12-11T06:42:27.152258,0.085,0.915,1.0
2025-12-11T06:42:27.768440,0.09,0.91,1.0
2025-12-11T06:42:28.367982,0.09,0.91,1.0
2025-12-11T06:42:28.978100,0.09,0.91,1.0
2025-12-11T06:42:29.577855,0.08,0.92,1.0
2025-12-11T06:42:30.189123,0.08,0.92,1.0
2025-12-11T06:42:30.800747,0.09,0.91,1.0
2025-12-11T06:42:31.411874,0.09,0.91,1.0
2025-12-11T06:42:32.023839,0.095,0.905,1.0
2025-12-11T06:42:32.616463,0.14,0.855,0.995
2025-12-11T06:42:33.226188,0.165,0.83,0.995
2025-12-11T06:42:33.830207,0.16,0.84,1.0
2025-12-11T06:42:34.438655,0.145,0.855,1.0
2025-12-11T06:42:35.048633,0.155,0.845,1.0
2025-12-11T06:42:35.655396,0.165,0.835,1.0
2025-12-11T06:42:36.261076,0.165,0.845,1.01
2025-12-11T06:42:36.865774,0.155,0.85,1.005
2025-12-11T06:42:37.462958,0.16,0.84,1.0
2025-12-11T06:42:38.063842,0.165,0.835,1.0
2025-12-11T06:42:38.663311,0.16,0.84,1.0
2025-12-11T06:42:39.265885,0.165,0.845,1.01
2025-12-11T06:42:39.860020,0.155,0.845,1.0
2025-12-11T06:42:40.464653,0.155,0.845,1.0
2025-12-11T06:42:41.061475,0.155,0.845,1.0
2025-12-11T06:42:41.667871,0.15,0.85,1.0
2025-12-11T06:42:42.265530,0.155,0.845,1.0
2025-12-11T06:42:42.876906,0.135,0.865,1.0
2025-12-11T06:42:43.480199,0.145,0.855,1.0
2025-12-11T06:42:44.076452,0.135,0.865,1.0
2025-12-11T06:42:44.674630,0.125,0.875,1.0
2025-12-11T06:42:45.289963,0.13,0.87,1.0
2025-12-11T06:42:45.902411,0.125,0.875,1.0
2025-12-11T06:42:46.518987,0.125,0.875,1.0
2025-12-11T06:42:47.120402,0.13,0.87,1.0
2025-12-11T06:42:47.724771,0.115,0.885,1.0
2025-12-11T06:42:48.325674,0.085,0.915,1.0
2025-12-11T06:42:48.927001,0.085,0.915,1.0
2025-12-11T06:42:47.981381,0.095,0.905,1.0
2025-12-11T06:42:48.590311,0.085,0.915,1.0
2025-12-11T06:42:49.199020,0.085,0.915,1.0
2025-12-11T06:42:49.800343,0.105,0.895,1.0
2025-12-11T06:42:50.403693,0.125,0.875,1.0
2025-12-11T06:42:51.011720,0.13,0.87,1.0
2025-12-11T06:42:51.632751,0.13,0.87,1.0
2025-12-11T06:42:52.242066,0.135,0.865,1.0
2025-12-11T06:42:52.837498,0.14,0.86,1.0
2025-12-11T06:42:53.444241,0.135,0.865,1.0
2025-12-11T06:42:54.045926,0.135,0.865,1.0
2025-12-11T06:42:54.652656,0.13,0.87,1.0
2025-12-11T06:42:55.256350,0.13,0.87,1.0
2025-12-11T06:42:55.853540,0.13,0.87,1.0
2025-12-11T06:42:56.469968,0.13,0.87,1.0
2025-12-11T06:42:57.074174,0.135,0.87,1.005
2025-12-11T06:42:57.684684,0.135,0.865,1.0
2025-12-11T06:42:58.288877,0.125,0.875,1.0
2025-12-11T06:42:58.890437,0.115,0.885,1.0
2025-12-11T06:42:59.494171,0.115,0.885,1.0
2025-12-11T06:43:00.092873,0.115,0.885,1.0
2025-12-11T06:43:00.705671,0.115,0.885,1.0
2025-12-11T06:43:01.310472,0.115,0.885,1.0
2025-12-11T06:43:01.924001,0.105,0.895,1.0
2025-12-11T06:43:02.533664,0.095,0.905,1.0
2025-12-11T06:43:03.135711,0.045,0.955,1.0
2025-12-11T06:43:03.729649,0.05,0.95,1.0
2025-12-11T06:43:04.324032,0.055,0.945,1.0
2025-12-11T06:43:04.924401,0.055,0.945,1.0
2025-12-11T06:43:05.523062,0.055,0.945,1.0
2025-12-11T06:43:06.132690,0.055,0.945,1.0
2025-12-11T06:43:06.732650,0.07,0.93,1.0
2025-12-11T06:43:07.330052,0.065,0.935,1.0
2025-12-11T06:43:07.932971,0.065,0.935,1.0
2025-12-11T06:43:08.545791,0.065,0.935,1.0
2025-12-11T06:43:09.169530,0.07,0.93,1.0
2025-12-11T06:43:09.780552,0.06,0.94,1.0
2025-12-11T06:43:10.384456,0.065,0.935,1.0
2025-12-11T06:43:10.982246,0.06,0.94,1.0
2025-12-11T06:43:11.580634,0.06,0.94,1.0
2025-12-11T06:43:12.190423,0.06,0.94,1.0
2025-12-11T06:43:12.799598,0.06,0.94,1.0
2025-12-11T06:43:13.408600,0.06,0.94,1.0
2025-12-11T06:43:14.010429,0.065,0.935,1.0
2025-12-11T06:43:14.625315,0.06,0.94,1.0
2025-12-11T06:43:15.279285,0.06,0.94,1.0
2025-12-11T06:43:15.875925,0.06,0.94,1.0
2025-12-11T06:43:16.474751,0.055,0.945,1.0
2025-12-11T06:43:17.070505,0.055,0.945,1.0
2025-12-11T06:43:17.669756,0.055,0.945,1.0
2025-12-11T06:43:18.266635,0.055,0.945,1.0
2025-12-11T06:43:18.866999,0.05,0.95,1.0
2025-12-11T06:43:19.467518,0.05,0.95,1.0
2025-12-11T06:43:18.532389,0.05,0.95,1.0
2025-12-11T06:43:19.138451,0.055,0.945,1.0
2025-12-11T06:43:19.739166,0.05,0.955,1.005
2025-12-11T06:43:20.336398,0.045,0.955,1.0
2025-12-11T06:43:20.942032,0.045,0.955,1.0
2025-12-11T06:43:21.551428,0.035,0.965,1.0
2025-12-11T06:43:22.153131,0.035,0.965,1.0
2025-12-11T06:43:22.755893,0.035,0.965,1.0
2025-12-11T06:43:23.354480,0.035,0.965,1.0
2025-12-11T06:43:23.964092,0.035,0.965,1.0
2025-12-11T06:43:24.559510,0.045,0.955,1.0
2025-12-11T06:43:25.156211,0.04,0.96,1.0
2025-12-11T06:43:25.754026,0.04,0.96,1.0
2025-12-11T06:43:26.353070,0.035,0.965,1.0
2025-12-11T06:43:26.957113,0.035,0.96,0.995
2025-12-11T06:43:27.569602,0.02,0.975,0.995
2025-12-11T06:43:28.167857,0.03,0.97,1.0
2025-12-11T06:43:28.765166,0.015,0.985,1.0
2025-12-11T06:43:29.363554,0.03,0.97,1.0
2025-12-11T06:43:29.972228,0.03,0.97,1.0
2025-12-11T06:43:30.570257,0.03,0.97,1.0
2025-12-11T06:43:31.176270,0.03,0.97,1.0
2025-12-11T06:43:31.781462,0.03,0.97,1.0
2025-12-11T06:43:32.392086,0.035,0.965,1.0
2025-12-11T06:43:32.992684,0.035,0.965,1.0
2025-12-11T06:43:33.593835,0.035,0.965,1.0
2025-12-11T06:43:34.200987,0.025,0.975,1.0
2025-12-11T06:43:34.809438,0.015,0.985,1.0
2025-12-11T06:43:35.413804,0.025,0.975,1.0
2025-12-11T06:43:36.018518,0.025,0.975,1.0
2025-12-11T06:43:36.618814,0.025,0.975,1.0
2025-12-11T06:43:37.217385,0.025,0.975,1.0
2025-12-11T06:43:37.815319,0.02,0.985,1.005
2025-12-11T06:43:38.412033,0.02,0.98,1.0
2025-12-11T06:43:39.009498,0.02,0.98,1.0
2025-12-11T06:43:39.621531,0.015,0.985,1.0
2025-12-11T06:43:40.226868,0.015,0.985,1.0
2025-12-11T06:43:40.828755,0.02,0.98,1.0
2025-12-11T06:43:41.429075,0.015,0.985,1.0
2025-12-11T06:43:42.034795,0.015,0.985,1.0
2025-12-11T06:43:42.635585,0.02,0.98,1.0
2025-12-11T06:43:43.229605,0.025,0.975,1.0
2025-12-11T06:43:43.828371,0.015,0.985,1.0
2025-12-11T06:43:44.421882,0.015,0.985,1.0
2025-12-11T06:43:45.022443,0.015,0.985,1.0
2025-12-11T06:43:45.624651,0.015,0.985,1.0
2025-12-11T06:43:46.219417,0.015,0.985,1.0
2025-12-11T06:43:46.834000,0.015,0.985,1.0
2025-12-11T06:43:47.444297,0.015,0.985,1.0
2025-12-11T06:43:48.053137,0.015,0.985,1.0
2025-12-11T06:43:48.668062,0.015,0.985,1.0
2025-12-11T06:43:49.268213,0.015,0.985,1.0
2025-12-11T06:43:49.884842,0.015,0.985,1.0
2025-12-11T06:43:48.926663,0.015,0.985,1.0
2025-12-11T06:43:49.530618,0.015,0.985,1.0
2025-12-11T06:43:50.131699,0.015,0.985,1.0
2025-12-11T06:43:50.741369,0.015,0.985,1.0
2025-12-11T06:43:51.353534,0.015,0.985,1.0
2025-12-11T06:43:51.952910,0.015,0.985,1.0
2025-12-11T06:43:52.564603,0.015,0.985,1.0
2025-12-11T06:43:53.180682,0.015,0.985,1.0
2025-12-11T06:43:53.785941,0.015,0.985,1.0
2025-12-11T06:43:54.390287,0.015,0.985,1.0
2025-12-11T06:43:55.003969,0.015,0.985,1.0
2025-12-11T06:43:55.612858,0.015,0.985,1.0
2025-12-11T06:43:56.224867,0.015,0.985,1.0
2025-12-11T06:43:56.827784,0.015,0.985,1.0
2025-12-11T06:43:57.442159,0.015,0.985,1.0
2025-12-11T06:43:58.057271,0.015,0.985,1.0
2025-12-11T06:43:58.666659,0.015,0.985,1.0
2025-12-11T06:43:59.264097,0.015,0.985,1.0
2025-12-11T06:43:59.875578,0.015,0.985,1.0
2025-12-11T06:44:00.481021,0.015,0.985,1.0
2025-12-11T06:44:01.085348,0.015,0.985,1.0
2025-12-11T06:44:01.696970,0.005,0.995,1.0
2025-12-11T06:44:02.311191,0.005,0.995,1.0
2025-12-11T06:44:02.913818,0.005,0.995,1.0
2025-12-11T06:44:03.511431,0.005,0.995,1.0
2025-12-11T06:44:04.120295,0.005,0.995,1.0
2025-12-11T06:44:04.722368,0.005,0.995,1.0
2025-12-11T06:44:05.331965,0.005,0.995,1.0
2025-12-11T06:44:05.944424,0.005,0.995,1.0
2025-12-11T06:44:06.541625,0.005,0.995,1.0
2025-12-11T06:44:07.138713,0.005,0.995,1.0
2025-12-11T06:44:07.737162,0.005,0.995,1.0
2025-12-11T06:44:08.346449,0.005,0.995,1.0
2025-12-11T06:44:08.947686,0.005,0.995,1.0
2025-12-11T06:44:09.549257,0.005,0.995,1.0
2025-12-11T06:44:10.153625,0.005,0.995,1.0
2025-12-11T06:44:10.748941,0.005,0.995,1.0
2025-12-11T06:44:11.356227,0.005,0.995,1.0
2025-12-11T06:44:11.962147,0.005,0.995,1.0
2025-12-11T06:44:12.563294,0.005,0.995,1.0
2025-12-11T06:44:13.171553,0.005,0.995,1.0
2025-12-11T06:44:13.769189,0.005,0.995,1.0
2025-12-11T06:44:14.386980,0.005,0.995,1.0
2025-12-11T06:44:14.981584,0.005,0.995,1.0
2025-12-11T06:44:15.593481,0.005,0.995,1.0
2025-12-11T06:44:16.211292,0.005,0.995,1.0
2025-12-11T06:44:16.830116,0.005,0.995,1.0
2025-12-11T06:44:17.443150,0.005,0.995,1.0
2025-12-11T06:44:18.042298,0.005,0.995,1.0
2025-12-11T06:44:18.653397,0.005,0.995,1.0
2025-12-11T06:44:19.260160,0.005,0.995,1.0
2025-12-11T06:44:19.866057,0.005,0.995,1.0
2025-12-11T06:44:20.478730,0.005,0.995,1.0
2025-12-11T06:44:19.531529,0.005,0.995,1.0
2025-12-11T06:44:20.130660,0.005,0.995,1.0
2025-12-11T06:44:20.731827,0.005,0.995,1.0
2025-12-11T06:44:21.345726,0.005,0.995,1.0
2025-12-11T06:44:21.952478,0.005,0.995,1.0
2025-12-11T06:44:22.623286,0.005,0.995,1.0
2025-12-11T06:44:23.234860,0.005,0.995,1.0
2025-12-11T06:44:23.827683,0.005,0.995,1.0
2025-12-11T06:44:24.432100,0.005,0.995,1.0
2025-12-11T06:44:25.039141,0.005,0.995,1.0
2025-12-11T06:44:25.644356,0.005,0.995,1.0
2025-12-11T06:44:26.255368,0.005,0.995,1.0
2025-12-11T06:44:26.854776,0.005,0.995,1.0
2025-12-11T06:44:27.458180,0.005,0.995,1.0
2025-12-11T06:44:28.060281,0.005,0.995,1.0
2025-12-11T06:44:28.663234,0.005,0.995,1.0
2025-12-11T06:44:29.272726,0.005,0.995,1.0
2025-12-11T06:44:29.880197,0.005,0.995,1.0
2025-12-11T06:44:30.487119,0.005,0.995,1.0
2025-12-11T06:44:31.089770,0.005,0.995,1.0
2025-12-11T06:44:31.690590,0.005,0.995,1.0
2025-12-11T06:44:32.295202,0.005,0.995,1.0
2025-12-11T06:44:32.910140,0.005,0.995,1.0
2025-12-11T06:44:33.512165,0.005,0.995,1.0
2025-12-11T06:44:34.112484,0.005,0.995,1.0
2025-12-11T06:44:34.711490,0.005,0.995,1.0
2025-12-11T06:44:35.306847,0.005,0.995,1.0
2025-12-11T06:44:35.909128,0.005,0.995,1.0
2025-12-11T06:44:36.517812,0.005,0.995,1.0
2025-12-11T06:44:37.133163,0.005,0.995,1.0
2025-12-11T06:44:37.734246,0.005,0.995,1.0
2025-12-11T06:44:38.341524,0.005,0.995,1.0
2025-12-11T06:44:38.949160,0.005,0.995,1.0
2025-12-11T06:44:39.561251,0.005,0.995,1.0
2025-12-11T06:44:40.170921,0.005,0.995,1.0
2025-12-11T06:44:40.772489,0.005,0.995,1.0
2025-12-11T06:44:41.377131,0.005,0.995,1.0
2025-12-11T06:44:41.988101,0.005,0.995,1.0
2025-12-11T06:44:42.599765,0.005,0.995,1.0
2025-12-11T06:44:43.212895,0.005,0.995,1.0
2025-12-11T06:44:43.816798,0.005,0.995,1.0
2025-12-11T06:44:44.422594,0.005,0.995,1.0
2025-12-11T06:44:45.047230,0.005,0.995,1.0
2025-12-11T06:44:45.661067,0.005,0.995,1.0
2025-12-11T06:44:46.271515,0.005,0.995,1.0
2025-12-11T06:44:46.872963,0.005,0.995,1.0
2025-12-11T06:44:47.485100,0.005,0.995,1.0
2025-12-11T06:44:48.098547,0.005,0.995,1.0
2025-12-11T06:44:48.708626,0.005,0.995,1.0
2025-12-11T06:44:49.325409,0.005,0.995,1.0
2025-12-11T06:44:49.931151,0.005,0.995,1.0
2025-12-11T06:44:50.537405,0.005,0.995,1.0
2025-12-11T06:44:51.148892,0.005,0.995,1.0
2025-12-11T06:44:50.196437,0.005,0.995,1.0
2025-12-11T06:44:50.798339,0.005,0.995,1.0
2025-12-11T06:44:51.392296,0.005,0.995,1.0
2025-12-11T06:44:52.000105,0.005,0.995,1.0
2025-12-11T06:44:52.608674,0.005,0.995,1.0
2025-12-11T06:44:53.217417,0.005,0.995,1.0
2025-12-11T06:44:53.831442,0.005,0.995,1.0
2025-12-11T06:44:54.428346,0.005,0.995,1.0
2025-12-11T06:44:55.036172,0.005,0.995,1.0
2025-12-11T06:44:55.639807,0.005,0.995,1.0
2025-12-11T06:44:56.248516,0.005,0.995,1.0
2025-12-11T06:44:56.853063,0.005,0.995,1.0
2025-12-11T06:44:57.458823,0.005,0.995,1.0
2025-12-11T06:44:58.071905,0.005,0.995,1.0
2025-12-11T06:44:58.677717,0.005,0.995,1.0
2025-12-11T06:44:59.283999,0.005,0.995,1.0
2025-12-11T06:44:59.890822,0.005,0.995,1.0
2025-12-11T06:45:00.495925,0.005,0.995,1.0
2025-12-11T06:45:01.103161,0.005,0.995,1.0
2025-12-11T06:45:01.709483,0.005,0.995,1.0
2025-12-11T06:45:02.313775,0.005,0.995,1.0
2025-12-11T06:45:02.925919,0.005,0.995,1.0
2025-12-11T06:45:03.548565,0.005,0.995,1.0
2025-12-11T06:45:04.157736,0.005,0.995,1.0
2025-12-11T06:45:04.760154,0.005,0.995,1.0
2025-12-11T06:45:05.358649,0.005,0.995,1.0
2025-12-11T06:45:05.954513,0.005,0.995,1.0
2025-12-11T06:45:06.562053,0.005,0.995,1.0
2025-12-11T06:45:07.174518,0.005,0.995,1.0
2025-12-11T06:45:07.785615,0.005,0.995,1.0
2025-12-11T06:45:08.393702,0.005,0.995,1.0
2025-12-11T06:45:08.999303,0.005,0.995,1.0
2025-12-11T06:45:09.603978,0.005,0.995,1.0
2025-12-11T06:45:10.206171,0.005,0.995,1.0
2025-12-11T06:45:10.812126,0.005,0.995,1.0
2025-12-11T06:45:11.412601,0.005,0.995,1.0
2025-12-11T06:45:12.015694,0.005,0.995,1.0
2025-12-11T06:45:12.637446,0.005,0.995,1.0
2025-12-11T06:45:13.243555,0.005,0.995,1.0
2025-12-11T06:45:13.852417,0.005,0.995,1.0
2025-12-11T06:45:14.461939,0.005,0.995,1.0
2025-12-11T06:45:15.072156,0.005,0.995,1.0
2025-12-11T06:45:15.680577,0.005,0.995,1.0
2025-12-11T06:45:16.291856,0.005,0.995,1.0
2025-12-11T06:45:16.900245,0.005,0.995,1.0
2025-12-11T06:45:17.508226,0.005,0.995,1.0
2025-12-11T06:45:18.110936,0.005,0.995,1.0
2025-12-11T06:45:18.726961,0.005,0.995,1.0
2025-12-11T06:45:19.331841,0.005,0.995,1.0
2025-12-11T06:45:19.935995,0.005,0.995,1.0
2025-12-11T06:45:20.527369,0.005,0.995,1.0
2025-12-11T06:45:21.127327,0.005,0.995,1.0
2025-12-11T06:45:21.726183,0.005,0.995,1.0
2025-12-11T06:45:22.320654,0.005,0.995,1.0
2025-12-11T06:45:21.344723,0.005,0.995,1.0
2025-12-11T06:45:21.943306,0.005,0.995,1.0
2025-12-11T06:45:22.547381,0.005,0.995,1.0
2025-12-11T06:45:23.144976,0.005,0.995,1.0
2025-12-11T06:45:23.751407,0.005,0.995,1.0
2025-12-11T06:45:24.362192,0.005,0.995,1.0
2025-12-11T06:45:24.965863,0.005,0.995,1.0
2025-12-11T06:45:25.585375,0.005,0.995,1.0
2025-12-11T06:45:26.184052,0.005,0.995,1.0
2025-12-11T06:45:26.797053,0.005,0.995,1.0
2025-12-11T06:45:27.405351,0.005,0.995,1.0
2025-12-11T06:45:28.004690,0.005,0.995,1.0
2025-12-11T06:45:28.679571,0.005,0.995,1.0
2025-12-11T06:45:29.287908,0.005,0.995,1.0
2025-12-11T06:45:29.887922,0.005,0.995,1.0
2025-12-11T06:45:30.489119,0.005,0.995,1.0
2025-12-11T06:45:31.099155,0.005,0.995,1.0
2025-12-11T06:45:31.748588,0.005,0.995,1.0
2025-12-11T06:45:32.364582,0.005,0.995,1.0
2025-12-11T06:45:32.965166,0.005,0.995,1.0
2025-12-11T06:45:33.570848,0.005,0.995,1.0
2025-12-11T06:45:34.173870,0.005,0.995,1.0
2025-12-11T06:45:34.776509,0.005,0.995,1.0
2025-12-11T06:45:35.381582,0.005,0.995,1.0
2025-12-11T06:45:35.989696,0.005,0.995,1.0
2025-12-11T06:45:36.593020,0.005,0.995,1.0
2025-12-11T06:45:37.207567,0.005,0.995,1.0
2025-12-11T06:45:37.803665,0.005,0.995,1.0
2025-12-11T06:45:38.450639,0.005,0.995,1.0
2025-12-11T06:45:39.054769,0.005,0.995,1.0
2025-12-11T06:45:39.668832,0.005,0.995,1.0
2025-12-11T06:45:40.278413,0.005,0.995,1.0
2025-12-11T06:45:40.883922,0.005,0.995,1.0
2025-12-11T06:45:41.499761,0.005,0.995,1.0
2025-12-11T06:45:42.111849,0.005,0.995,1.0
2025-12-11T06:45:42.719577,0.005,0.995,1.0
2025-12-11T06:45:43.320769,0.005,0.995,1.0
2025-12-11T06:45:43.936285,0.005,0.995,1.0
2025-12-11T06:45:44.547472,0.005,0.995,1.0
2025-12-11T06:45:45.158973,0.005,0.995,1.0
2025-12-11T06:45:45.756393,0.005,0.995,1.0
2025-12-11T06:45:46.358488,0.005,0.995,1.0
2025-12-11T06:45:46.964523,0.005,0.995,1.0
2025-12-11T06:45:47.571171,0.005,0.995,1.0
2025-12-11T06:45:48.184716,0.005,0.995,1.0
2025-12-11T06:45:48.783858,0.005,0.995,1.0
2025-12-11T06:45:49.397875,0.005,0.995,1.0
2025-12-11T06:45:50.008210,0.005,0.995,1.0
2025-12-11T06:45:50.614602,0.005,0.995,1.0
2025-12-11T06:45:51.217318,0.005,0.995,1.0
2025-12-11T06:45:51.818201,0.005,0.995,1.0
2025-12-11T06:45:52.427399,0.005,0.995,1.0
2025-12-11T06:45:53.027313,0.005,0.995,1.0
2025-12-11T06:45:52.078037,0.005,0.995,1.0
2025-12-11T06:45:52.681517,0.005,0.995,1.0
2025-12-11T06:45:53.286617,0.005,0.995,1.0
2025-12-11T06:45:53.894108,0.005,0.995,1.0
2025-12-11T06:45:54.490813,0.005,0.995,1.0
2025-12-11T06:45:55.085625,0.005,0.995,1.0
2025-12-11T06:45:55.696254,0.005,0.995,1.0
2025-12-11T06:45:56.309831,0.005,0.995,1.0
2025-12-11T06:45:56.917152,0.005,0.995,1.0
2025-12-11T06:45:57.515000,0.005,0.995,1.0
2025-12-11T06:45:58.120774,0.005,0.995,1.0
2025-12-11T06:45:58.724295,0.005,0.995,1.0
2025-12-11T06:45:59.323742,0.005,0.995,1.0
2025-12-11T06:45:59.925728,0.005,0.995,1.0
