timestamp,price_yes,price_no,sum_prices
2025-12-11T02:16:00.707444,0.585,0.415,1.0
2025-12-11T02:16:01.312530,0.59,0.41,1.0
2025-12-11T02:16:01.928541,0.585,0.415,1.0
2025-12-11T02:16:02.530330,0.585,0.415,1.0
2025-12-11T02:16:03.162899,0.595,0.405,1.0
2025-12-11T02:16:03.780026,0.595,0.405,1.0
2025-12-11T02:16:04.395570,0.595,0.405,1.0
2025-12-11T02:16:05.049246,0.56,0.445,1.0050000000000001
2025-12-11T02:16:05.650132,0.545,0.455,1.0
2025-12-11T02:16:06.257463,0.51,0.485,0.995
2025-12-11T02:16:06.889101,0.525,0.475,1.0
2025-12-11T02:16:07.503910,0.535,0.465,1.0
2025-12-11T02:16:08.132243,0.53,0.47,1.0
2025-12-11T02:16:08.749791,0.52,0.48,1.0
2025-12-11T02:16:09.362983,0.525,0.47,0.995
2025-12-11T02:16:09.967748,0.535,0.465,1.0
2025-12-11T02:16:10.579759,0.535,0.465,1.0
2025-12-11T02:16:11.209703,0.535,0.465,1.0
2025-12-11T02:16:11.828627,0.525,0.475,1.0
2025-12-11T02:16:12.440204,0.525,0.475,1.0
2025-12-11T02:16:13.054812,0.54,0.46,1.0
2025-12-11T02:16:13.656607,0.535,0.465,1.0
2025-12-11T02:16:14.279029,0.535,0.465,1.0
2025-12-11T02:16:14.893794,0.545,0.455,1.0
2025-12-11T02:16:15.509035,0.585,0.415,1.0
2025-12-11T02:16:16.125797,0.595,0.405,1.0
2025-12-11T02:16:16.730457,0.595,0.405,1.0
2025-12-11T02:16:15.723450,0.585,0.415,1.0
2025-12-11T02:16:16.348632,0.565,0.43,0.9949999999999999
2025-12-11T02:16:16.949748,0.57,0.425,0.9949999999999999
2025-12-11T02:16:17.558434,0.58,0.42,1.0
2025-12-11T02:16:18.181935,0.585,0.415,1.0
2025-12-11T02:16:18.787354,0.575,0.425,1.0
2025-12-11T02:16:19.396255,0.585,0.415,1.0
2025-12-11T02:16:20.010535,0.585,0.415,1.0
2025-12-11T02:16:20.631373,0.585,0.415,1.0
2025-12-11T02:16:21.244931,0.585,0.415,1.0
2025-12-11T02:16:21.861007,0.585,0.415,1.0
2025-12-11T02:16:22.471898,0.575,0.425,1.0
2025-12-11T02:16:23.095186,0.55,0.45,1.0
2025-12-11T02:16:23.712658,0.555,0.445,1.0
2025-12-11T02:16:24.327882,0.565,0.435,1.0
2025-12-11T02:16:24.929926,0.565,0.435,1.0
2025-12-11T02:16:25.548941,0.555,0.445,1.0
2025-12-11T02:16:26.155171,0.555,0.445,1.0
2025-12-11T02:16:26.755943,0.555,0.445,1.0
2025-12-11T02:16:27.374043,0.555,0.445,1.0
2025-12-11T02:16:27.988742,0.555,0.445,1.0
2025-12-11T02:16:28.618016,0.555,0.445,1.0
2025-12-11T02:16:29.227239,0.565,0.435,1.0
2025-12-11T02:16:29.830046,0.565,0.435,1.0
2025-12-11T02:16:30.442514,0.57,0.425,0.9949999999999999
2025-12-11T02:16:31.057429,0.575,0.425,1.0
2025-12-11T02:16:31.666042,0.575,0.425,1.0
2025-12-11T02:16:32.280667,0.58,0.42,1.0
2025-12-11T02:16:32.880049,0.58,0.42,1.0
2025-12-11T02:16:33.485441,0.585,0.415,1.0
2025-12-11T02:16:34.092638,0.585,0.415,1.0
2025-12-11T02:16:34.705171,0.595,0.405,1.0
2025-12-11T02:16:35.344038,0.585,0.415,1.0
2025-12-11T02:16:35.968716,0.585,0.415,1.0
2025-12-11T02:16:36.594375,0.585,0.415,1.0
2025-12-11T02:16:37.212776,0.57,0.44,1.01
2025-12-11T02:16:37.834211,0.555,0.445,1.0
2025-12-11T02:16:38.467250,0.565,0.435,1.0
2025-12-11T02:16:39.087121,0.565,0.435,1.0
2025-12-11T02:16:39.708845,0.575,0.425,1.0
2025-12-11T02:16:40.326707,0.575,0.425,1.0
2025-12-11T02:16:40.936117,0.58,0.42,1.0
2025-12-11T02:16:41.539349,0.585,0.415,1.0
2025-12-11T02:16:42.153505,0.595,0.405,1.0
2025-12-11T02:16:42.772681,0.595,0.405,1.0
2025-12-11T02:16:43.391591,0.585,0.415,1.0
2025-12-11T02:16:44.018219,0.575,0.425,1.0
2025-12-11T02:16:44.615505,0.575,0.425,1.0
2025-12-11T02:16:45.233626,0.58,0.42,1.0
2025-12-11T02:16:45.839488,0.595,0.405,1.0
2025-12-11T02:16:46.446881,0.605,0.395,1.0
2025-12-11T02:16:47.056334,0.605,0.395,1.0
2025-12-11T02:16:47.672501,0.59,0.41,1.0
2025-12-11T02:16:46.667566,0.59,0.41,1.0
2025-12-11T02:16:47.278035,0.59,0.41,1.0
2025-12-11T02:16:47.881102,0.59,0.41,1.0
2025-12-11T02:16:48.491855,0.58,0.42,1.0
2025-12-11T02:16:49.101443,0.58,0.42,1.0
2025-12-11T02:16:49.706482,0.595,0.405,1.0
2025-12-11T02:16:50.313942,0.595,0.405,1.0
2025-12-11T02:16:50.916733,0.595,0.405,1.0
2025-12-11T02:16:51.529007,0.595,0.405,1.0
2025-12-11T02:16:52.132550,0.595,0.405,1.0
2025-12-11T02:16:52.737060,0.59,0.41,1.0
2025-12-11T02:16:53.344395,0.59,0.405,0.995
2025-12-11T02:16:53.948307,0.595,0.405,1.0
2025-12-11T02:16:54.553581,0.595,0.405,1.0
2025-12-11T02:16:55.158085,0.595,0.405,1.0
2025-12-11T02:16:55.764540,0.585,0.415,1.0
2025-12-11T02:16:56.368086,0.585,0.415,1.0
2025-12-11T02:16:56.972759,0.575,0.425,1.0
2025-12-11T02:16:57.580589,0.575,0.425,1.0
2025-12-11T02:16:58.202112,0.575,0.425,1.0
2025-12-11T02:16:58.807462,0.595,0.405,1.0
2025-12-11T02:16:59.412072,0.59,0.41,1.0
2025-12-11T02:17:00.014726,0.585,0.415,1.0
2025-12-11T02:17:00.614682,0.59,0.41,1.0
2025-12-11T02:17:01.215520,0.585,0.415,1.0
2025-12-11T02:17:01.829096,0.575,0.425,1.0
2025-12-11T02:17:02.452470,0.565,0.435,1.0
2025-12-11T02:17:03.057584,0.545,0.455,1.0
2025-12-11T02:17:03.655729,0.545,0.455,1.0
2025-12-11T02:17:04.263998,0.535,0.46,0.9950000000000001
2025-12-11T02:17:04.870204,0.55,0.45,1.0
2025-12-11T02:17:05.486126,0.55,0.45,1.0
2025-12-11T02:17:06.098613,0.55,0.45,1.0
2025-12-11T02:17:06.703967,0.54,0.465,1.0050000000000001
2025-12-11T02:17:07.309555,0.53,0.47,1.0
2025-12-11T02:17:07.909727,0.525,0.475,1.0
2025-12-11T02:17:08.515768,0.525,0.48,1.005
2025-12-11T02:17:09.113152,0.515,0.49,1.005
2025-12-11T02:17:09.727511,0.505,0.495,1.0
2025-12-11T02:17:10.331991,0.5,0.5,1.0
2025-12-11T02:17:10.934867,0.495,0.505,1.0
2025-12-11T02:17:11.539615,0.495,0.515,1.01
2025-12-11T02:17:12.153420,0.475,0.525,1.0
2025-12-11T02:17:12.778577,0.475,0.515,0.99
2025-12-11T02:17:13.394835,0.485,0.515,1.0
2025-12-11T02:17:13.996526,0.495,0.505,1.0
2025-12-11T02:17:14.602570,0.5,0.505,1.005
2025-12-11T02:17:15.219659,0.5,0.5,1.0
2025-12-11T02:17:15.830714,0.5,0.495,0.995
2025-12-11T02:17:16.446789,0.5,0.5,1.0
2025-12-11T02:17:17.048977,0.5,0.5,1.0
2025-12-11T02:17:17.656644,0.505,0.495,1.0
2025-12-11T02:17:18.275173,0.515,0.485,1.0
2025-12-11T02:17:17.310892,0.555,0.445,1.0
2025-12-11T02:17:17.910438,0.585,0.415,1.0
2025-12-11T02:17:18.534340,0.59,0.405,0.995
2025-12-11T02:17:19.132353,0.595,0.405,1.0
2025-12-11T02:17:19.741748,0.565,0.435,1.0
2025-12-11T02:17:20.364893,0.565,0.435,1.0
2025-12-11T02:17:20.981203,0.555,0.445,1.0
2025-12-11T02:17:21.589939,0.54,0.465,1.0050000000000001
2025-12-11T02:17:22.194696,0.525,0.475,1.0
2025-12-11T02:17:22.808819,0.54,0.46,1.0
2025-12-11T02:17:23.416875,0.545,0.455,1.0
2025-12-11T02:17:24.026835,0.55,0.45,1.0
2025-12-11T02:17:24.635875,0.55,0.45,1.0
2025-12-11T02:17:25.252267,0.545,0.455,1.0
2025-12-11T02:17:25.858451,0.525,0.48,1.005
2025-12-11T02:17:26.466253,0.515,0.485,1.0
2025-12-11T02:17:27.067455,0.52,0.48,1.0
2025-12-11T02:17:27.680392,0.525,0.475,1.0
2025-12-11T02:17:28.293905,0.525,0.475,1.0
2025-12-11T02:17:28.914912,0.535,0.465,1.0
2025-12-11T02:17:29.532590,0.525,0.475,1.0
2025-12-11T02:17:30.151532,0.505,0.495,1.0
2025-12-11T02:17:30.773633,0.525,0.475,1.0
2025-12-11T02:17:31.388715,0.515,0.485,1.0
2025-12-11T02:17:31.993743,0.515,0.485,1.0
2025-12-11T02:17:32.602789,0.515,0.485,1.0
2025-12-11T02:17:33.208616,0.515,0.485,1.0
2025-12-11T02:17:33.818784,0.515,0.485,1.0
2025-12-11T02:17:34.440685,0.505,0.495,1.0
2025-12-11T02:17:35.059833,0.5,0.5,1.0
2025-12-11T02:17:35.672503,0.505,0.495,1.0
2025-12-11T02:17:36.292840,0.515,0.485,1.0
2025-12-11T02:17:36.896905,0.515,0.485,1.0
2025-12-11T02:17:37.512665,0.515,0.49,1.005
2025-12-11T02:17:38.128217,0.515,0.49,1.005
2025-12-11T02:17:38.741634,0.505,0.495,1.0
2025-12-11T02:17:39.359059,0.5,0.5,1.0
2025-12-11T02:17:39.971184,0.5,0.5,1.0
2025-12-11T02:17:40.583182,0.495,0.505,1.0
2025-12-11T02:17:41.198875,0.495,0.505,1.0
2025-12-11T02:17:41.813184,0.495,0.505,1.0
2025-12-11T02:17:42.414921,0.495,0.505,1.0
2025-12-11T02:17:43.026846,0.5,0.5,1.0
2025-12-11T02:17:43.643487,0.49,0.51,1.0
2025-12-11T02:17:44.259991,0.485,0.515,1.0
2025-12-11T02:17:44.874987,0.505,0.495,1.0
2025-12-11T02:17:45.493636,0.505,0.495,1.0
2025-12-11T02:17:46.110046,0.505,0.495,1.0
2025-12-11T02:17:46.711254,0.505,0.495,1.0
2025-12-11T02:17:47.327417,0.515,0.485,1.0
2025-12-11T02:17:47.946089,0.525,0.475,1.0
2025-12-11T02:17:48.561217,0.53,0.465,0.9950000000000001
2025-12-11T02:17:49.169188,0.535,0.465,1.0
2025-12-11T02:17:48.170631,0.515,0.485,1.0
2025-12-11T02:17:48.792021,0.505,0.495,1.0
2025-12-11T02:17:49.429367,0.49,0.51,1.0
2025-12-11T02:17:50.039113,0.495,0.505,1.0
2025-12-11T02:17:50.647490,0.525,0.475,1.0
2025-12-11T02:17:51.275855,0.51,0.49,1.0
2025-12-11T02:17:51.884438,0.505,0.495,1.0
2025-12-11T02:17:52.499913,0.515,0.485,1.0
2025-12-11T02:17:53.117080,0.505,0.495,1.0
2025-12-11T02:17:53.735104,0.505,0.495,1.0
2025-12-11T02:17:54.355819,0.51,0.49,1.0
2025-12-11T02:17:54.960648,0.505,0.495,1.0
2025-12-11T02:17:55.570664,0.505,0.495,1.0
2025-12-11T02:17:56.190848,0.515,0.485,1.0
2025-12-11T02:17:56.809466,0.525,0.475,1.0
2025-12-11T02:17:57.416526,0.51,0.49,1.0
2025-12-11T02:17:58.017325,0.51,0.49,1.0
2025-12-11T02:17:58.631032,0.505,0.49,0.995
2025-12-11T02:17:59.248197,0.505,0.5,1.005
2025-12-11T02:17:59.875686,0.495,0.505,1.0
2025-12-11T02:18:00.487704,0.51,0.49,1.0
2025-12-11T02:18:01.090392,0.505,0.495,1.0
2025-12-11T02:18:01.707424,0.505,0.495,1.0
2025-12-11T02:18:02.326792,0.525,0.475,1.0
2025-12-11T02:18:02.938797,0.525,0.47,0.995
2025-12-11T02:18:03.561136,0.535,0.465,1.0
2025-12-11T02:18:04.161679,0.52,0.48,1.0
2025-12-11T02:18:04.775378,0.51,0.49,1.0
2025-12-11T02:18:05.383411,0.52,0.475,0.995
2025-12-11T02:18:06.006236,0.515,0.485,1.0
2025-12-11T02:18:06.634383,0.51,0.49,1.0
2025-12-11T02:18:07.234843,0.505,0.495,1.0
2025-12-11T02:18:07.847789,0.535,0.465,1.0
2025-12-11T02:18:08.471623,0.545,0.455,1.0
2025-12-11T02:18:09.078664,0.555,0.445,1.0
2025-12-11T02:18:09.698064,0.555,0.445,1.0
2025-12-11T02:18:10.295815,0.555,0.445,1.0
2025-12-11T02:18:10.896569,0.545,0.455,1.0
2025-12-11T02:18:11.499932,0.545,0.455,1.0
2025-12-11T02:18:12.104549,0.545,0.455,1.0
2025-12-11T02:18:12.724144,0.545,0.455,1.0
2025-12-11T02:18:13.344876,0.545,0.455,1.0
2025-12-11T02:18:13.948575,0.545,0.455,1.0
2025-12-11T02:18:14.547345,0.55,0.45,1.0
2025-12-11T02:18:15.168424,0.545,0.455,1.0
2025-12-11T02:18:15.783531,0.545,0.455,1.0
2025-12-11T02:18:16.380954,0.545,0.455,1.0
2025-12-11T02:18:16.988550,0.545,0.455,1.0
2025-12-11T02:18:17.599497,0.535,0.465,1.0
2025-12-11T02:18:18.222063,0.55,0.45,1.0
2025-12-11T02:18:18.835162,0.55,0.45,1.0
2025-12-11T02:18:19.439025,0.545,0.455,1.0
2025-12-11T02:18:18.427932,0.55,0.45,1.0
2025-12-11T02:18:19.037797,0.555,0.445,1.0
2025-12-11T02:18:19.643462,0.555,0.445,1.0
2025-12-11T02:18:20.246847,0.585,0.415,1.0
2025-12-11T02:18:20.846448,0.585,0.415,1.0
2025-12-11T02:18:21.453643,0.58,0.42,1.0
2025-12-11T02:18:22.066960,0.575,0.425,1.0
2025-12-11T02:18:22.685825,0.55,0.455,1.0050000000000001
2025-12-11T02:18:23.290839,0.545,0.455,1.0
2025-12-11T02:18:23.905476,0.545,0.455,1.0
2025-12-11T02:18:24.498933,0.545,0.455,1.0
2025-12-11T02:18:25.109812,0.57,0.425,0.9949999999999999
2025-12-11T02:18:25.725061,0.585,0.415,1.0
2025-12-11T02:18:26.333506,0.575,0.425,1.0
2025-12-11T02:18:26.939739,0.58,0.42,1.0
2025-12-11T02:18:27.537398,0.58,0.42,1.0
2025-12-11T02:18:28.139504,0.585,0.415,1.0
2025-12-11T02:18:28.777737,0.575,0.425,1.0
2025-12-11T02:18:29.389324,0.575,0.425,1.0
2025-12-11T02:18:30.011846,0.575,0.425,1.0
2025-12-11T02:18:30.633668,0.575,0.445,1.02
2025-12-11T02:18:31.250183,0.555,0.445,1.0
2025-12-11T02:18:31.852181,0.56,0.44,1.0
2025-12-11T02:18:32.466484,0.56,0.44,1.0
2025-12-11T02:18:33.082459,0.56,0.44,1.0
2025-12-11T02:18:33.705829,0.56,0.44,1.0
2025-12-11T02:18:34.310216,0.56,0.44,1.0
2025-12-11T02:18:34.924383,0.555,0.445,1.0
2025-12-11T02:18:35.526784,0.555,0.445,1.0
2025-12-11T02:18:36.137037,0.55,0.45,1.0
2025-12-11T02:18:36.738217,0.545,0.45,0.9950000000000001
2025-12-11T02:18:37.358929,0.545,0.455,1.0
2025-12-11T02:18:37.977178,0.535,0.465,1.0
2025-12-11T02:18:38.587820,0.535,0.465,1.0
2025-12-11T02:18:39.191104,0.535,0.465,1.0
2025-12-11T02:18:40.026911,0.535,0.465,1.0
2025-12-11T02:18:40.637019,0.535,0.465,1.0
2025-12-11T02:18:41.243230,0.535,0.465,1.0
2025-12-11T02:18:41.869800,0.535,0.465,1.0
2025-12-11T02:18:42.483159,0.535,0.465,1.0
2025-12-11T02:18:43.092824,0.53,0.47,1.0
2025-12-11T02:18:43.692334,0.53,0.47,1.0
2025-12-11T02:18:44.297166,0.515,0.485,1.0
2025-12-11T02:18:44.898830,0.515,0.485,1.0
2025-12-11T02:18:45.517288,0.515,0.485,1.0
2025-12-11T02:18:46.125967,0.515,0.485,1.0
2025-12-11T02:18:46.754993,0.515,0.485,1.0
2025-12-11T02:18:47.365539,0.495,0.505,1.0
2025-12-11T02:18:47.971360,0.495,0.505,1.0
2025-12-11T02:18:48.571803,0.49,0.515,1.005
2025-12-11T02:18:49.167818,0.49,0.51,1.0
2025-12-11T02:18:49.786915,0.495,0.505,1.0
2025-12-11T02:18:50.384492,0.49,0.51,1.0
2025-12-11T02:18:49.397183,0.495,0.505,1.0
2025-12-11T02:18:50.007868,0.505,0.495,1.0
2025-12-11T02:18:50.621771,0.5,0.5,1.0
2025-12-11T02:18:51.222438,0.495,0.505,1.0
2025-12-11T02:18:51.822044,0.495,0.505,1.0
2025-12-11T02:18:52.434393,0.495,0.505,1.0
2025-12-11T02:18:53.031251,0.505,0.5,1.005
2025-12-11T02:18:53.638185,0.5,0.5,1.0
2025-12-11T02:18:54.247172,0.495,0.505,1.0
2025-12-11T02:18:54.849263,0.495,0.505,1.0
2025-12-11T02:18:55.452248,0.495,0.505,1.0
2025-12-11T02:18:56.058910,0.495,0.505,1.0
2025-12-11T02:18:56.658812,0.495,0.5,0.995
2025-12-11T02:18:57.260340,0.515,0.48,0.995
2025-12-11T02:18:57.872038,0.525,0.475,1.0
2025-12-11T02:18:58.473248,0.525,0.475,1.0
2025-12-11T02:18:59.110486,0.505,0.495,1.0
2025-12-11T02:18:59.710206,0.5,0.5,1.0
2025-12-11T02:19:00.317080,0.5,0.5,1.0
2025-12-11T02:19:00.919486,0.505,0.495,1.0
2025-12-11T02:19:01.538940,0.505,0.505,1.01
2025-12-11T02:19:02.142978,0.485,0.515,1.0
2025-12-11T02:19:02.744853,0.49,0.51,1.0
2025-12-11T02:19:03.345736,0.49,0.51,1.0
2025-12-11T02:19:03.968625,0.485,0.515,1.0
2025-12-11T02:19:04.582210,0.485,0.515,1.0
2025-12-11T02:19:05.194519,0.475,0.525,1.0
2025-12-11T02:19:05.800531,0.465,0.535,1.0
2025-12-11T02:19:06.405534,0.465,0.535,1.0
2025-12-11T02:19:07.007648,0.465,0.535,1.0
2025-12-11T02:19:07.605901,0.47,0.535,1.005
2025-12-11T02:19:08.215327,0.465,0.535,1.0
2025-12-11T02:19:08.821110,0.455,0.545,1.0
2025-12-11T02:19:09.436363,0.455,0.545,1.0
2025-12-11T02:19:10.051249,0.44,0.565,1.005
2025-12-11T02:19:10.649221,0.435,0.565,1.0
2025-12-11T02:19:11.255385,0.425,0.575,1.0
2025-12-11T02:19:11.856310,0.425,0.575,1.0
2025-12-11T02:19:12.469525,0.43,0.57,1.0
2025-12-11T02:19:13.100629,0.44,0.565,1.005
2025-12-11T02:19:13.702452,0.435,0.555,0.99
2025-12-11T02:19:14.311381,0.455,0.555,1.01
2025-12-11T02:19:14.923780,0.45,0.555,1.0050000000000001
2025-12-11T02:19:15.538125,0.42,0.585,1.005
2025-12-11T02:19:16.146869,0.415,0.585,1.0
2025-12-11T02:19:16.758459,0.415,0.585,1.0
2025-12-11T02:19:17.365732,0.415,0.585,1.0
2025-12-11T02:19:17.966991,0.405,0.595,1.0
2025-12-11T02:19:18.581364,0.405,0.595,1.0
2025-12-11T02:19:19.199723,0.405,0.595,1.0
2025-12-11T02:19:19.809063,0.395,0.605,1.0
2025-12-11T02:19:20.424535,0.36,0.64,1.0
2025-12-11T02:19:21.029584,0.355,0.645,1.0
2025-12-11T02:19:20.034275,0.345,0.655,1.0
2025-12-11T02:19:20.641393,0.345,0.655,1.0
2025-12-11T02:19:21.265638,0.335,0.665,1.0
2025-12-11T02:19:21.865450,0.335,0.665,1.0
2025-12-11T02:19:22.484169,0.33,0.68,1.01
2025-12-11T02:19:23.091768,0.305,0.695,1.0
2025-12-11T02:19:23.690010,0.315,0.685,1.0
2025-12-11T02:19:24.302799,0.315,0.685,1.0
2025-12-11T02:19:24.902896,0.275,0.725,1.0
2025-12-11T02:19:25.518647,0.255,0.745,1.0
2025-12-11T02:19:26.123336,0.275,0.73,1.005
2025-12-11T02:19:26.729659,0.255,0.745,1.0
2025-12-11T02:19:27.342430,0.285,0.715,1.0
2025-12-11T02:19:27.947760,0.275,0.725,1.0
2025-12-11T02:19:28.560438,0.275,0.725,1.0
2025-12-11T02:19:29.162714,0.275,0.725,1.0
2025-12-11T02:19:29.762276,0.265,0.735,1.0
2025-12-11T02:19:30.362653,0.255,0.745,1.0
2025-12-11T02:19:30.959968,0.255,0.745,1.0
2025-12-11T02:19:31.583791,0.255,0.745,1.0
2025-12-11T02:19:32.190141,0.26,0.74,1.0
2025-12-11T02:19:32.787588,0.255,0.745,1.0
2025-12-11T02:19:33.402669,0.235,0.765,1.0
2025-12-11T02:19:34.006421,0.235,0.765,1.0
2025-12-11T02:19:34.614412,0.225,0.775,1.0
2025-12-11T02:19:35.228008,0.225,0.775,1.0
2025-12-11T02:19:35.828815,0.235,0.765,1.0
2025-12-11T02:19:36.434385,0.235,0.765,1.0
2025-12-11T02:19:37.038508,0.23,0.775,1.0050000000000001
2025-12-11T02:19:37.650019,0.235,0.765,1.0
2025-12-11T02:19:38.254782,0.235,0.765,1.0
2025-12-11T02:19:38.860533,0.245,0.755,1.0
2025-12-11T02:19:39.470276,0.24,0.76,1.0
2025-12-11T02:19:40.065693,0.235,0.765,1.0
2025-12-11T02:19:40.666456,0.24,0.76,1.0
2025-12-11T02:19:41.298795,0.24,0.76,1.0
2025-12-11T02:19:41.906054,0.235,0.765,1.0
2025-12-11T02:19:42.515191,0.225,0.775,1.0
2025-12-11T02:19:43.130610,0.225,0.775,1.0
2025-12-11T02:19:43.732313,0.215,0.785,1.0
2025-12-11T02:19:44.357217,0.205,0.795,1.0
2025-12-11T02:19:44.980273,0.19,0.815,1.005
2025-12-11T02:19:45.585535,0.185,0.815,1.0
2025-12-11T02:19:46.198412,0.185,0.815,1.0
2025-12-11T02:19:46.810308,0.195,0.805,1.0
2025-12-11T02:19:47.422878,0.205,0.795,1.0
2025-12-11T02:19:48.029531,0.215,0.785,1.0
2025-12-11T02:19:48.635255,0.215,0.785,1.0
2025-12-11T02:19:49.239583,0.215,0.785,1.0
2025-12-11T02:19:49.851915,0.225,0.775,1.0
2025-12-11T02:19:50.457244,0.225,0.775,1.0
2025-12-11T02:19:51.055776,0.245,0.755,1.0
2025-12-11T02:19:51.725924,0.245,0.755,1.0
2025-12-11T02:19:50.743702,0.245,0.755,1.0
2025-12-11T02:19:51.357510,0.245,0.755,1.0
2025-12-11T02:19:51.966810,0.245,0.755,1.0
2025-12-11T02:19:52.575782,0.24,0.76,1.0
2025-12-11T02:19:53.175924,0.23,0.77,1.0
2025-12-11T02:19:53.786252,0.23,0.77,1.0
2025-12-11T02:19:54.388383,0.225,0.775,1.0
2025-12-11T02:19:54.995254,0.21,0.79,1.0
2025-12-11T02:19:55.617389,0.205,0.795,1.0
2025-12-11T02:19:56.220925,0.205,0.795,1.0
2025-12-11T02:19:56.832258,0.21,0.79,1.0
2025-12-11T02:19:57.441243,0.21,0.79,1.0
2025-12-11T02:19:58.045364,0.21,0.79,1.0
2025-12-11T02:19:58.761883,0.21,0.79,1.0
2025-12-11T02:19:59.359719,0.21,0.79,1.0
2025-12-11T02:19:59.967710,0.23,0.775,1.0050000000000001
2025-12-11T02:20:00.570107,0.225,0.775,1.0
2025-12-11T02:20:01.184284,0.215,0.785,1.0
2025-12-11T02:20:01.789376,0.205,0.795,1.0
2025-12-11T02:20:02.398551,0.2,0.805,1.0050000000000001
2025-12-11T02:20:02.997755,0.185,0.82,1.005
2025-12-11T02:20:03.603556,0.175,0.825,1.0
2025-12-11T02:20:04.216815,0.165,0.835,1.0
2025-12-11T02:20:04.835580,0.175,0.825,1.0
2025-12-11T02:20:05.451951,0.165,0.835,1.0
2025-12-11T02:20:06.058050,0.165,0.835,1.0
2025-12-11T02:20:06.663314,0.17,0.83,1.0
2025-12-11T02:20:07.274663,0.17,0.83,1.0
2025-12-11T02:20:07.887038,0.17,0.83,1.0
2025-12-11T02:20:08.484223,0.165,0.835,1.0
2025-12-11T02:20:09.098421,0.165,0.835,1.0
2025-12-11T02:20:09.724385,0.16,0.835,0.995
2025-12-11T02:20:10.327765,0.16,0.84,1.0
2025-12-11T02:20:10.926495,0.165,0.835,1.0
2025-12-11T02:20:11.535641,0.17,0.83,1.0
2025-12-11T02:20:12.141500,0.17,0.83,1.0
2025-12-11T02:20:12.757429,0.16,0.84,1.0
2025-12-11T02:20:13.363562,0.155,0.845,1.0
2025-12-11T02:20:13.975636,0.155,0.845,1.0
2025-12-11T02:20:14.576733,0.145,0.855,1.0
2025-12-11T02:20:15.179258,0.145,0.855,1.0
2025-12-11T02:20:15.795645,0.145,0.855,1.0
2025-12-11T02:20:16.407572,0.145,0.855,1.0
2025-12-11T02:20:17.014831,0.145,0.85,0.995
2025-12-11T02:20:17.623578,0.155,0.845,1.0
2025-12-11T02:20:18.231596,0.175,0.825,1.0
2025-12-11T02:20:18.836909,0.185,0.815,1.0
2025-12-11T02:20:19.449125,0.19,0.81,1.0
2025-12-11T02:20:20.055515,0.205,0.795,1.0
2025-12-11T02:20:20.662458,0.24,0.76,1.0
2025-12-11T02:20:21.269000,0.255,0.745,1.0
2025-12-11T02:20:21.880069,0.245,0.755,1.0
2025-12-11T02:20:20.879536,0.245,0.75,0.995
2025-12-11T02:20:21.488194,0.245,0.755,1.0
2025-12-11T02:20:22.088775,0.215,0.8,1.0150000000000001
2025-12-11T02:20:22.692401,0.2,0.8,1.0
2025-12-11T02:20:23.305903,0.205,0.795,1.0
2025-12-11T02:20:23.909483,0.205,0.795,1.0
2025-12-11T02:20:24.519437,0.195,0.805,1.0
2025-12-11T02:20:25.133090,0.195,0.805,1.0
2025-12-11T02:20:25.731632,0.195,0.805,1.0
2025-12-11T02:20:26.333612,0.195,0.805,1.0
2025-12-11T02:20:26.942519,0.195,0.795,0.99
2025-12-11T02:20:27.551605,0.225,0.775,1.0
2025-12-11T02:20:28.159015,0.245,0.755,1.0
2025-12-11T02:20:28.758741,0.255,0.745,1.0
2025-12-11T02:20:29.373785,0.275,0.725,1.0
2025-12-11T02:20:29.983097,0.275,0.725,1.0
2025-12-11T02:20:30.593146,0.28,0.72,1.0
2025-12-11T02:20:31.194030,0.275,0.725,1.0
2025-12-11T02:20:31.796402,0.25,0.755,1.005
2025-12-11T02:20:32.414060,0.23,0.77,1.0
2025-12-11T02:20:33.051757,0.24,0.76,1.0
2025-12-11T02:20:33.662261,0.225,0.775,1.0
2025-12-11T02:20:34.267148,0.215,0.78,0.995
2025-12-11T02:20:34.871461,0.22,0.78,1.0
2025-12-11T02:20:35.477974,0.215,0.785,1.0
2025-12-11T02:20:36.104536,0.215,0.785,1.0
2025-12-11T02:20:36.717852,0.215,0.785,1.0
2025-12-11T02:20:37.321816,0.215,0.785,1.0
2025-12-11T02:20:37.927858,0.22,0.775,0.995
2025-12-11T02:20:38.543645,0.235,0.765,1.0
2025-12-11T02:20:39.153478,0.23,0.77,1.0
2025-12-11T02:20:39.765271,0.23,0.77,1.0
2025-12-11T02:20:40.373292,0.23,0.77,1.0
2025-12-11T02:20:40.980689,0.205,0.795,1.0
2025-12-11T02:20:41.593273,0.205,0.795,1.0
2025-12-11T02:20:42.192026,0.195,0.805,1.0
2025-12-11T02:20:42.790048,0.195,0.805,1.0
2025-12-11T02:20:43.410851,0.195,0.805,1.0
2025-12-11T02:20:44.017121,0.195,0.805,1.0
2025-12-11T02:20:44.618710,0.195,0.805,1.0
2025-12-11T02:20:45.232326,0.175,0.825,1.0
2025-12-11T02:20:45.830634,0.17,0.83,1.0
2025-12-11T02:20:46.437341,0.175,0.825,1.0
2025-12-11T02:20:47.043853,0.185,0.815,1.0
2025-12-11T02:20:47.654361,0.19,0.805,0.9950000000000001
2025-12-11T02:20:48.268693,0.2,0.8,1.0
2025-12-11T02:20:48.872764,0.195,0.805,1.0
2025-12-11T02:20:49.484313,0.19,0.805,0.9950000000000001
2025-12-11T02:20:50.141322,0.195,0.805,1.0
2025-12-11T02:20:50.757953,0.195,0.795,0.99
2025-12-11T02:20:51.364691,0.2,0.8,1.0
2025-12-11T02:20:51.964307,0.205,0.795,1.0
2025-12-11T02:20:52.575777,0.205,0.8,1.0050000000000001
2025-12-11T02:20:51.578103,0.185,0.815,1.0
2025-12-11T02:20:52.257553,0.195,0.805,1.0
2025-12-11T02:20:52.859780,0.2,0.8,1.0
2025-12-11T02:20:53.472834,0.205,0.795,1.0
2025-12-11T02:20:54.079896,0.215,0.785,1.0
2025-12-11T02:20:54.691100,0.225,0.775,1.0
2025-12-11T02:20:55.297642,0.225,0.775,1.0
2025-12-11T02:20:55.953960,0.225,0.775,1.0
2025-12-11T02:20:56.571447,0.245,0.755,1.0
2025-12-11T02:20:57.181793,0.245,0.755,1.0
2025-12-11T02:20:57.798514,0.255,0.745,1.0
2025-12-11T02:20:58.408017,0.245,0.755,1.0
2025-12-11T02:20:59.015179,0.245,0.755,1.0
2025-12-11T02:20:59.624599,0.245,0.755,1.0
2025-12-11T02:21:00.226570,0.245,0.755,1.0
2025-12-11T02:21:00.827421,0.25,0.745,0.995
2025-12-11T02:21:01.441108,0.255,0.745,1.0
2025-12-11T02:21:02.049915,0.255,0.75,1.005
2025-12-11T02:21:02.660105,0.245,0.755,1.0
2025-12-11T02:21:03.274398,0.245,0.755,1.0
2025-12-11T02:21:03.882062,0.255,0.745,1.0
2025-12-11T02:21:04.498848,0.265,0.735,1.0
2025-12-11T02:21:05.101708,0.265,0.725,0.99
2025-12-11T02:21:05.704375,0.275,0.725,1.0
2025-12-11T02:21:06.311106,0.275,0.725,1.0
2025-12-11T02:21:06.906393,0.27,0.73,1.0
2025-12-11T02:21:07.515828,0.275,0.725,1.0
2025-12-11T02:21:08.144975,0.285,0.715,1.0
2025-12-11T02:21:08.763948,0.285,0.71,0.9949999999999999
2025-12-11T02:21:09.366146,0.305,0.695,1.0
2025-12-11T02:21:09.976344,0.325,0.675,1.0
2025-12-11T02:21:10.571831,0.335,0.665,1.0
2025-12-11T02:21:11.178371,0.35,0.635,0.985
2025-12-11T02:21:11.807091,0.385,0.615,1.0
2025-12-11T02:21:12.419268,0.415,0.585,1.0
2025-12-11T02:21:13.034727,0.405,0.605,1.01
2025-12-11T02:21:13.640289,0.395,0.605,1.0
2025-12-11T02:21:14.252825,0.415,0.585,1.0
2025-12-11T02:21:14.870288,0.395,0.605,1.0
2025-12-11T02:21:15.483076,0.375,0.645,1.02
2025-12-11T02:21:16.094208,0.345,0.655,1.0
2025-12-11T02:21:16.699241,0.335,0.665,1.0
2025-12-11T02:21:17.302773,0.335,0.665,1.0
2025-12-11T02:21:17.900644,0.335,0.665,1.0
2025-12-11T02:21:18.510378,0.335,0.665,1.0
2025-12-11T02:21:19.107635,0.325,0.675,1.0
2025-12-11T02:21:19.732726,0.325,0.675,1.0
2025-12-11T02:21:20.332990,0.325,0.675,1.0
2025-12-11T02:21:20.934715,0.335,0.665,1.0
2025-12-11T02:21:21.539571,0.325,0.675,1.0
2025-12-11T02:21:22.150949,0.305,0.695,1.0
2025-12-11T02:21:22.760038,0.305,0.695,1.0
2025-12-11T02:21:23.368129,0.32,0.68,1.0
2025-12-11T02:21:22.380937,0.325,0.675,1.0
2025-12-11T02:21:22.997722,0.315,0.685,1.0
2025-12-11T02:21:23.611951,0.31,0.69,1.0
2025-12-11T02:21:24.217436,0.295,0.705,1.0
2025-12-11T02:21:24.820103,0.285,0.715,1.0
2025-12-11T02:21:25.421642,0.285,0.71,0.9949999999999999
2025-12-11T02:21:26.039195,0.285,0.715,1.0
2025-12-11T02:21:26.647624,0.275,0.725,1.0
2025-12-11T02:21:27.261831,0.265,0.735,1.0
2025-12-11T02:21:27.865901,0.265,0.735,1.0
2025-12-11T02:21:28.479451,0.265,0.735,1.0
2025-12-11T02:21:29.087414,0.265,0.735,1.0
2025-12-11T02:21:29.691703,0.255,0.745,1.0
2025-12-11T02:21:30.293962,0.245,0.755,1.0
2025-12-11T02:21:30.895828,0.24,0.76,1.0
2025-12-11T02:21:31.499723,0.235,0.765,1.0
2025-12-11T02:21:32.105700,0.225,0.775,1.0
2025-12-11T02:21:32.712143,0.225,0.775,1.0
2025-12-11T02:21:33.319593,0.225,0.78,1.0050000000000001
2025-12-11T02:21:33.918866,0.22,0.78,1.0
2025-12-11T02:21:34.526629,0.215,0.785,1.0
2025-12-11T02:21:35.136190,0.22,0.775,0.995
2025-12-11T02:21:35.741939,0.235,0.765,1.0
2025-12-11T02:21:36.342725,0.235,0.76,0.995
2025-12-11T02:21:36.961983,0.245,0.755,1.0
2025-12-11T02:21:37.573396,0.245,0.755,1.0
2025-12-11T02:21:38.173437,0.245,0.755,1.0
2025-12-11T02:21:38.772758,0.245,0.755,1.0
2025-12-11T02:21:39.386137,0.255,0.745,1.0
2025-12-11T02:21:39.999038,0.265,0.735,1.0
2025-12-11T02:21:40.619169,0.255,0.745,1.0
2025-12-11T02:21:41.274805,0.255,0.745,1.0
2025-12-11T02:21:41.880909,0.25,0.75,1.0
2025-12-11T02:21:42.489105,0.25,0.75,1.0
2025-12-11T02:21:43.099737,0.25,0.75,1.0
2025-12-11T02:21:43.711641,0.26,0.74,1.0
2025-12-11T02:21:44.380733,0.245,0.755,1.0
2025-12-11T02:21:44.987210,0.235,0.775,1.01
2025-12-11T02:21:45.598731,0.21,0.79,1.0
2025-12-11T02:21:46.205072,0.21,0.785,0.995
2025-12-11T02:21:46.804366,0.215,0.785,1.0
2025-12-11T02:21:47.978633,0.195,0.81,1.0050000000000001
2025-12-11T02:21:48.586190,0.185,0.815,1.0
2025-12-11T02:21:49.187607,0.18,0.82,1.0
2025-12-11T02:21:49.781199,0.185,0.815,1.0
2025-12-11T02:21:50.382334,0.185,0.815,1.0
2025-12-11T02:21:51.001674,0.18,0.82,1.0
2025-12-11T02:21:51.608112,0.175,0.825,1.0
2025-12-11T02:21:52.213738,0.17,0.83,1.0
2025-12-11T02:21:52.818240,0.165,0.835,1.0
2025-12-11T02:21:53.426324,0.165,0.835,1.0
2025-12-11T02:21:54.050419,0.155,0.85,1.005
2025-12-11T02:21:53.054888,0.15,0.85,1.0
2025-12-11T02:21:53.664684,0.155,0.845,1.0
2025-12-11T02:21:54.272696,0.145,0.855,1.0
2025-12-11T02:21:54.875185,0.145,0.855,1.0
2025-12-11T02:21:55.480341,0.145,0.86,1.005
2025-12-11T02:21:56.085623,0.135,0.865,1.0
2025-12-11T02:21:56.690917,0.135,0.865,1.0
2025-12-11T02:21:57.296259,0.13,0.87,1.0
2025-12-11T02:21:57.898410,0.135,0.865,1.0
2025-12-11T02:21:58.504028,0.135,0.865,1.0
2025-12-11T02:21:59.103311,0.135,0.855,0.99
2025-12-11T02:21:59.704968,0.16,0.835,0.995
2025-12-11T02:22:00.304992,0.165,0.835,1.0
2025-12-11T02:22:00.916518,0.16,0.84,1.0
2025-12-11T02:22:01.533501,0.16,0.845,1.005
2025-12-11T02:22:02.136583,0.155,0.845,1.0
2025-12-11T02:22:02.747478,0.155,0.845,1.0
2025-12-11T02:22:03.355659,0.165,0.835,1.0
2025-12-11T02:22:03.959463,0.165,0.825,0.99
2025-12-11T02:22:04.564278,0.165,0.835,1.0
2025-12-11T02:22:05.173553,0.165,0.835,1.0
2025-12-11T02:22:05.770160,0.16,0.84,1.0
2025-12-11T02:22:06.368207,0.155,0.85,1.005
2025-12-11T02:22:06.975398,0.145,0.855,1.0
2025-12-11T02:22:07.581805,0.145,0.855,1.0
2025-12-11T02:22:08.181421,0.145,0.855,1.0
2025-12-11T02:22:08.787884,0.175,0.825,1.0
2025-12-11T02:22:09.394675,0.175,0.825,1.0
2025-12-11T02:22:10.003879,0.165,0.835,1.0
2025-12-11T02:22:10.614852,0.17,0.83,1.0
2025-12-11T02:22:11.218217,0.18,0.82,1.0
2025-12-11T02:22:11.815814,0.18,0.82,1.0
2025-12-11T02:22:12.433487,0.195,0.805,1.0
2025-12-11T02:22:13.053645,0.205,0.795,1.0
2025-12-11T02:22:13.659945,0.185,0.82,1.005
2025-12-11T02:22:14.280226,0.175,0.825,1.0
2025-12-11T02:22:14.899135,0.175,0.825,1.0
2025-12-11T02:22:15.506092,0.17,0.83,1.0
2025-12-11T02:22:16.105425,0.175,0.825,1.0
2025-12-11T02:22:16.720089,0.175,0.825,1.0
2025-12-11T02:22:17.329781,0.185,0.815,1.0
2025-12-11T02:22:17.937038,0.175,0.825,1.0
2025-12-11T02:22:18.665304,0.18,0.82,1.0
2025-12-11T02:22:19.291309,0.18,0.82,1.0
2025-12-11T02:22:19.889907,0.185,0.815,1.0
2025-12-11T02:22:20.492022,0.195,0.805,1.0
2025-12-11T02:22:21.099418,0.195,0.805,1.0
2025-12-11T02:22:21.710707,0.2,0.8,1.0
2025-12-11T02:22:22.322635,0.2,0.8,1.0
2025-12-11T02:22:22.924118,0.205,0.795,1.0
2025-12-11T02:22:23.523015,0.21,0.79,1.0
2025-12-11T02:22:24.133121,0.21,0.79,1.0
2025-12-11T02:22:24.738932,0.205,0.795,1.0
2025-12-11T02:22:23.731319,0.205,0.795,1.0
2025-12-11T02:22:24.333773,0.205,0.795,1.0
2025-12-11T02:22:24.937547,0.205,0.795,1.0
2025-12-11T02:22:25.536579,0.2,0.8,1.0
2025-12-11T02:22:26.138410,0.2,0.8,1.0
2025-12-11T02:22:26.772683,0.2,0.8,1.0
2025-12-11T02:22:27.377931,0.195,0.805,1.0
2025-12-11T02:22:27.982612,0.195,0.805,1.0
2025-12-11T02:22:28.584062,0.195,0.805,1.0
2025-12-11T02:22:29.192692,0.195,0.805,1.0
2025-12-11T02:22:29.796089,0.225,0.775,1.0
2025-12-11T02:22:30.401593,0.21,0.79,1.0
2025-12-11T02:22:31.009544,0.205,0.795,1.0
2025-12-11T02:22:31.618179,0.185,0.815,1.0
2025-12-11T02:22:32.222493,0.185,0.815,1.0
2025-12-11T02:22:32.821056,0.175,0.825,1.0
2025-12-11T02:22:33.426733,0.175,0.825,1.0
2025-12-11T02:22:34.032668,0.175,0.825,1.0
2025-12-11T02:22:34.635806,0.175,0.825,1.0
2025-12-11T02:22:35.230261,0.175,0.825,1.0
2025-12-11T02:22:35.842651,0.175,0.83,1.005
2025-12-11T02:22:36.452681,0.17,0.83,1.0
2025-12-11T02:22:37.065492,0.165,0.835,1.0
2025-12-11T02:22:37.668815,0.165,0.835,1.0
2025-12-11T02:22:38.270732,0.155,0.845,1.0
2025-12-11T02:22:38.873322,0.155,0.845,1.0
2025-12-11T02:22:39.480298,0.135,0.865,1.0
2025-12-11T02:22:40.096095,0.125,0.875,1.0
2025-12-11T02:22:40.725754,0.125,0.875,1.0
2025-12-11T02:22:41.324313,0.115,0.885,1.0
2025-12-11T02:22:41.929158,0.115,0.885,1.0
2025-12-11T02:22:42.535811,0.115,0.885,1.0
2025-12-11T02:22:43.133692,0.115,0.885,1.0
2025-12-11T02:22:43.728952,0.105,0.895,1.0
2025-12-11T02:22:44.334977,0.11,0.89,1.0
2025-12-11T02:22:44.945208,0.11,0.89,1.0
2025-12-11T02:22:45.542331,0.105,0.895,1.0
2025-12-11T02:22:46.162121,0.11,0.885,0.995
2025-12-11T02:22:46.765407,0.115,0.885,1.0
2025-12-11T02:22:47.369357,0.115,0.885,1.0
2025-12-11T02:22:47.989443,0.115,0.885,1.0
2025-12-11T02:22:48.611054,0.105,0.895,1.0
2025-12-11T02:22:49.232124,0.135,0.855,0.99
2025-12-11T02:22:49.845366,0.155,0.845,1.0
2025-12-11T02:22:50.470152,0.165,0.835,1.0
2025-12-11T02:22:51.086317,0.175,0.825,1.0
2025-12-11T02:22:51.693250,0.175,0.825,1.0
2025-12-11T02:22:52.306711,0.19,0.81,1.0
2025-12-11T02:22:52.926886,0.195,0.805,1.0
2025-12-11T02:22:53.526505,0.215,0.785,1.0
2025-12-11T02:22:54.134643,0.215,0.785,1.0
2025-12-11T02:22:54.748427,0.205,0.795,1.0
2025-12-11T02:22:55.367193,0.205,0.795,1.0
2025-12-11T02:22:54.369247,0.195,0.805,1.0
2025-12-11T02:22:54.982104,0.195,0.805,1.0
2025-12-11T02:22:55.598656,0.205,0.795,1.0
2025-12-11T02:22:56.211246,0.205,0.795,1.0
2025-12-11T02:22:56.817598,0.19,0.815,1.005
2025-12-11T02:22:57.430633,0.205,0.795,1.0
2025-12-11T02:22:58.068178,0.205,0.795,1.0
2025-12-11T02:22:58.686210,0.215,0.785,1.0
2025-12-11T02:22:59.300362,0.215,0.785,1.0
2025-12-11T02:22:59.919567,0.225,0.775,1.0
2025-12-11T02:23:00.530510,0.225,0.775,1.0
2025-12-11T02:23:01.146565,0.225,0.775,1.0
2025-12-11T02:23:01.758860,0.235,0.765,1.0
2025-12-11T02:23:02.370046,0.24,0.76,1.0
2025-12-11T02:23:02.981818,0.24,0.76,1.0
2025-12-11T02:23:03.592577,0.225,0.775,1.0
2025-12-11T02:23:04.211313,0.225,0.775,1.0
2025-12-11T02:23:04.816858,0.225,0.775,1.0
2025-12-11T02:23:05.433549,0.245,0.755,1.0
2025-12-11T02:23:06.046625,0.265,0.72,0.985
2025-12-11T02:23:06.660796,0.3,0.7,1.0
2025-12-11T02:23:07.272036,0.315,0.685,1.0
2025-12-11T02:23:07.886862,0.325,0.675,1.0
2025-12-11T02:23:08.609248,0.335,0.665,1.0
2025-12-11T02:23:09.227108,0.335,0.665,1.0
2025-12-11T02:23:09.836881,0.345,0.655,1.0
2025-12-11T02:23:10.448995,0.345,0.655,1.0
2025-12-11T02:23:11.049969,0.325,0.675,1.0
2025-12-11T02:23:11.680595,0.335,0.665,1.0
2025-12-11T02:23:12.299764,0.355,0.645,1.0
2025-12-11T02:23:12.908256,0.355,0.645,1.0
2025-12-11T02:23:13.526176,0.345,0.655,1.0
2025-12-11T02:23:14.127787,0.345,0.655,1.0
2025-12-11T02:23:14.731709,0.325,0.685,1.01
2025-12-11T02:23:15.356729,0.31,0.69,1.0
2025-12-11T02:23:15.969128,0.305,0.695,1.0
2025-12-11T02:23:16.574697,0.305,0.695,1.0
2025-12-11T02:23:17.178534,0.305,0.695,1.0
2025-12-11T02:23:17.793055,0.305,0.695,1.0
2025-12-11T02:23:18.408515,0.295,0.705,1.0
2025-12-11T02:23:19.012631,0.3,0.7,1.0
2025-12-11T02:23:19.626811,0.305,0.695,1.0
2025-12-11T02:23:20.236889,0.305,0.695,1.0
2025-12-11T02:23:20.858561,0.305,0.7,1.005
2025-12-11T02:23:21.499015,0.29,0.71,1.0
2025-12-11T02:23:22.114879,0.28,0.72,1.0
2025-12-11T02:23:22.733695,0.28,0.72,1.0
2025-12-11T02:23:23.338274,0.28,0.72,1.0
2025-12-11T02:23:23.958724,0.275,0.725,1.0
2025-12-11T02:23:24.568061,0.265,0.735,1.0
2025-12-11T02:23:25.182822,0.26,0.74,1.0
2025-12-11T02:23:25.792198,0.26,0.74,1.0
2025-12-11T02:23:24.815941,0.26,0.74,1.0
2025-12-11T02:23:25.420005,0.255,0.755,1.01
2025-12-11T02:23:26.030186,0.235,0.765,1.0
2025-12-11T02:23:26.641862,0.25,0.75,1.0
2025-12-11T02:23:27.292533,0.25,0.75,1.0
2025-12-11T02:23:27.888855,0.25,0.75,1.0
2025-12-11T02:23:28.490120,0.245,0.755,1.0
2025-12-11T02:23:29.102323,0.24,0.76,1.0
2025-12-11T02:23:29.714650,0.24,0.76,1.0
2025-12-11T02:23:30.317825,0.235,0.765,1.0
2025-12-11T02:23:30.934928,0.235,0.765,1.0
2025-12-11T02:23:31.549723,0.23,0.765,0.995
2025-12-11T02:23:32.153273,0.23,0.77,1.0
2025-12-11T02:23:32.764321,0.24,0.76,1.0
2025-12-11T02:23:33.464659,0.24,0.76,1.0
2025-12-11T02:23:34.071880,0.24,0.76,1.0
2025-12-11T02:23:34.677013,0.24,0.76,1.0
2025-12-11T02:23:35.291443,0.235,0.765,1.0
2025-12-11T02:23:35.897939,0.225,0.775,1.0
2025-12-11T02:23:36.504339,0.225,0.775,1.0
2025-12-11T02:23:37.133867,0.22,0.78,1.0
2025-12-11T02:23:37.746475,0.195,0.805,1.0
2025-12-11T02:23:38.349608,0.19,0.815,1.005
2025-12-11T02:23:38.962490,0.19,0.81,1.0
2025-12-11T02:23:39.569590,0.2,0.795,0.9950000000000001
2025-12-11T02:23:40.173219,0.235,0.76,0.995
2025-12-11T02:23:40.783970,0.275,0.725,1.0
2025-12-11T02:23:41.383614,0.27,0.73,1.0
2025-12-11T02:23:41.984671,0.25,0.75,1.0
2025-12-11T02:23:42.589786,0.25,0.75,1.0
2025-12-11T02:23:43.196695,0.255,0.745,1.0
2025-12-11T02:23:43.803831,0.235,0.765,1.0
2025-12-11T02:23:44.409858,0.235,0.77,1.005
2025-12-11T02:23:45.020533,0.215,0.785,1.0
2025-12-11T02:23:45.637522,0.225,0.78,1.0050000000000001
2025-12-11T02:23:46.258758,0.23,0.77,1.0
2025-12-11T02:23:46.867435,0.235,0.765,1.0
2025-12-11T02:23:47.474066,0.265,0.735,1.0
2025-12-11T02:23:48.080215,0.275,0.725,1.0
2025-12-11T02:23:48.681031,0.265,0.74,1.005
2025-12-11T02:23:49.307107,0.26,0.74,1.0
2025-12-11T02:23:49.930723,0.26,0.74,1.0
2025-12-11T02:23:50.539902,0.26,0.74,1.0
2025-12-11T02:23:51.149516,0.26,0.74,1.0
2025-12-11T02:23:51.759482,0.26,0.74,1.0
2025-12-11T02:23:52.407216,0.25,0.75,1.0
2025-12-11T02:23:53.008074,0.245,0.755,1.0
2025-12-11T02:23:53.611418,0.255,0.735,0.99
2025-12-11T02:23:54.210774,0.265,0.78,1.045
2025-12-11T02:23:54.807214,0.19,0.81,1.0
2025-12-11T02:23:55.462578,0.165,0.835,1.0
2025-12-11T02:23:56.077439,0.15,0.85,1.0
2025-12-11T02:23:56.695773,0.14,0.855,0.995
2025-12-11T02:23:55.701283,0.175,0.825,1.0
2025-12-11T02:23:56.316859,0.165,0.835,1.0
2025-12-11T02:23:56.937393,0.155,0.845,1.0
2025-12-11T02:23:57.540654,0.145,0.855,1.0
2025-12-11T02:23:58.149880,0.155,0.845,1.0
2025-12-11T02:23:58.761834,0.16,0.84,1.0
2025-12-11T02:23:59.376749,0.175,0.825,1.0
2025-12-11T02:23:59.983950,0.175,0.825,1.0
2025-12-11T02:24:00.586073,0.18,0.82,1.0
2025-12-11T02:24:01.189865,0.175,0.82,0.9949999999999999
2025-12-11T02:24:01.803676,0.175,0.84,1.015
2025-12-11T02:24:02.411611,0.16,0.84,1.0
2025-12-11T02:24:03.015952,0.165,0.835,1.0
2025-12-11T02:24:03.619579,0.165,0.835,1.0
2025-12-11T02:24:04.227528,0.18,0.82,1.0
2025-12-11T02:24:04.836262,0.175,0.815,0.99
2025-12-11T02:24:05.453912,0.185,0.815,1.0
2025-12-11T02:24:06.064675,0.17,0.83,1.0
2025-12-11T02:24:06.666511,0.17,0.83,1.0
2025-12-11T02:24:07.273660,0.155,0.845,1.0
2025-12-11T02:24:07.872616,0.15,0.85,1.0
2025-12-11T02:24:08.480559,0.15,0.85,1.0
2025-12-11T02:24:09.083460,0.15,0.85,1.0
2025-12-11T02:24:09.698977,0.155,0.84,0.995
2025-12-11T02:24:10.303593,0.155,0.845,1.0
2025-12-11T02:24:10.908930,0.14,0.86,1.0
2025-12-11T02:24:11.517696,0.145,0.855,1.0
2025-12-11T02:24:12.132800,0.155,0.84,0.995
2025-12-11T02:24:12.744485,0.16,0.835,0.995
2025-12-11T02:24:13.360531,0.195,0.805,1.0
2025-12-11T02:24:13.987875,0.235,0.765,1.0
2025-12-11T02:24:14.609554,0.245,0.755,1.0
2025-12-11T02:24:15.222605,0.245,0.755,1.0
2025-12-11T02:24:15.833299,0.245,0.755,1.0
2025-12-11T02:24:16.447863,0.235,0.765,1.0
2025-12-11T02:24:17.067317,0.235,0.765,1.0
2025-12-11T02:24:17.676523,0.235,0.765,1.0
2025-12-11T02:24:18.275290,0.235,0.765,1.0
2025-12-11T02:24:18.892101,0.23,0.77,1.0
2025-12-11T02:24:19.506439,0.225,0.765,0.99
2025-12-11T02:24:20.111420,0.245,0.755,1.0
2025-12-11T02:24:20.719711,0.245,0.755,1.0
2025-12-11T02:24:21.328494,0.245,0.755,1.0
2025-12-11T02:24:21.942674,0.245,0.755,1.0
2025-12-11T02:24:22.553094,0.245,0.755,1.0
2025-12-11T02:24:23.159996,0.24,0.765,1.005
2025-12-11T02:24:23.786426,0.23,0.77,1.0
2025-12-11T02:24:24.400667,0.235,0.765,1.0
2025-12-11T02:24:25.013482,0.235,0.765,1.0
2025-12-11T02:24:25.640639,0.235,0.765,1.0
2025-12-11T02:24:26.255565,0.235,0.765,1.0
2025-12-11T02:24:26.864012,0.235,0.765,1.0
2025-12-11T02:24:27.482064,0.235,0.765,1.0
2025-12-11T02:24:26.496115,0.215,0.785,1.0
2025-12-11T02:24:27.101649,0.21,0.79,1.0
2025-12-11T02:24:27.713711,0.21,0.79,1.0
2025-12-11T02:24:28.320095,0.19,0.81,1.0
2025-12-11T02:24:28.939387,0.185,0.815,1.0
2025-12-11T02:24:29.549806,0.195,0.805,1.0
2025-12-11T02:24:30.163980,0.215,0.785,1.0
2025-12-11T02:24:30.775585,0.225,0.775,1.0
2025-12-11T02:24:31.386751,0.225,0.775,1.0
2025-12-11T02:24:31.993275,0.225,0.775,1.0
2025-12-11T02:24:32.606868,0.225,0.775,1.0
2025-12-11T02:24:33.216102,0.225,0.775,1.0
2025-12-11T02:24:33.819337,0.225,0.775,1.0
2025-12-11T02:24:34.423972,0.225,0.775,1.0
2025-12-11T02:24:35.026554,0.185,0.815,1.0
2025-12-11T02:24:35.633723,0.19,0.81,1.0
2025-12-11T02:24:36.241389,0.195,0.805,1.0
2025-12-11T02:24:36.847608,0.195,0.805,1.0
2025-12-11T02:24:37.446751,0.185,0.815,1.0
2025-12-11T02:24:38.041273,0.185,0.815,1.0
2025-12-11T02:24:38.640319,0.2,0.8,1.0
2025-12-11T02:24:39.251102,0.2,0.8,1.0
2025-12-11T02:24:39.847050,0.215,0.785,1.0
2025-12-11T02:24:40.446914,0.215,0.785,1.0
2025-12-11T02:24:41.053694,0.215,0.785,1.0
2025-12-11T02:24:41.649932,0.215,0.785,1.0
2025-12-11T02:24:42.248852,0.215,0.785,1.0
2025-12-11T02:24:42.857854,0.215,0.78,0.995
2025-12-11T02:24:43.455788,0.225,0.775,1.0
2025-12-11T02:24:44.064563,0.245,0.755,1.0
2025-12-11T02:24:44.663611,0.245,0.755,1.0
2025-12-11T02:24:45.264997,0.255,0.745,1.0
2025-12-11T02:24:45.871141,0.255,0.745,1.0
2025-12-11T02:24:46.472190,0.255,0.745,1.0
2025-12-11T02:24:47.074189,0.265,0.73,0.995
2025-12-11T02:24:47.677500,0.275,0.725,1.0
2025-12-11T02:24:48.287851,0.275,0.725,1.0
2025-12-11T02:24:48.897504,0.275,0.725,1.0
2025-12-11T02:24:49.499568,0.275,0.725,1.0
2025-12-11T02:24:50.106710,0.285,0.715,1.0
2025-12-11T02:24:50.714987,0.295,0.705,1.0
2025-12-11T02:24:51.315122,0.305,0.695,1.0
2025-12-11T02:24:51.911777,0.325,0.675,1.0
2025-12-11T02:24:52.577556,0.325,0.675,1.0
2025-12-11T02:24:53.182813,0.325,0.67,0.9950000000000001
2025-12-11T02:24:53.785692,0.335,0.665,1.0
2025-12-11T02:24:54.388909,0.335,0.66,0.9950000000000001
2025-12-11T02:24:55.045121,0.345,0.655,1.0
2025-12-11T02:24:55.648229,0.33,0.665,0.9950000000000001
2025-12-11T02:24:56.247098,0.34,0.66,1.0
2025-12-11T02:24:56.846321,0.335,0.665,1.0
2025-12-11T02:24:57.452321,0.335,0.665,1.0
2025-12-11T02:24:58.056291,0.345,0.655,1.0
2025-12-11T02:24:57.050025,0.345,0.655,1.0
2025-12-11T02:24:57.659958,0.345,0.655,1.0
2025-12-11T02:24:58.269033,0.34,0.655,0.9950000000000001
2025-12-11T02:24:58.870555,0.36,0.64,1.0
2025-12-11T02:24:59.476520,0.375,0.625,1.0
2025-12-11T02:25:00.100679,0.385,0.615,1.0
2025-12-11T02:25:00.699306,0.395,0.605,1.0
2025-12-11T02:25:01.304466,0.395,0.595,0.99
2025-12-11T02:25:01.904778,0.425,0.575,1.0
2025-12-11T02:25:02.506141,0.445,0.555,1.0
2025-12-11T02:25:03.108449,0.455,0.545,1.0
2025-12-11T02:25:03.723304,0.455,0.545,1.0
2025-12-11T02:25:04.332759,0.445,0.565,1.01
2025-12-11T02:25:04.993577,0.425,0.575,1.0
2025-12-11T02:25:05.599522,0.395,0.605,1.0
2025-12-11T02:25:06.204830,0.4,0.595,0.995
2025-12-11T02:25:06.812777,0.4,0.6,1.0
2025-12-11T02:25:07.437373,0.4,0.6,1.0
2025-12-11T02:25:08.051114,0.41,0.59,1.0
2025-12-11T02:25:08.652061,0.41,0.585,0.9949999999999999
2025-12-11T02:25:09.249536,0.385,0.615,1.0
2025-12-11T02:25:09.853261,0.39,0.61,1.0
2025-12-11T02:25:10.461144,0.39,0.61,1.0
2025-12-11T02:25:11.072441,0.405,0.595,1.0
2025-12-11T02:25:11.678414,0.4,0.6,1.0
2025-12-11T02:25:12.282277,0.385,0.615,1.0
2025-12-11T02:25:12.885737,0.38,0.625,1.005
2025-12-11T02:25:13.500869,0.365,0.635,1.0
2025-12-11T02:25:14.099199,0.365,0.635,1.0
2025-12-11T02:25:14.716826,0.365,0.635,1.0
2025-12-11T02:25:15.330121,0.365,0.635,1.0
2025-12-11T02:25:15.943030,0.355,0.645,1.0
2025-12-11T02:25:16.556868,0.35,0.655,1.005
2025-12-11T02:25:17.154849,0.35,0.65,1.0
2025-12-11T02:25:17.760414,0.35,0.65,1.0
2025-12-11T02:25:18.366431,0.335,0.655,0.99
2025-12-11T02:25:18.968880,0.34,0.65,0.99
2025-12-11T02:25:19.571698,0.35,0.65,1.0
2025-12-11T02:25:20.180693,0.31,0.69,1.0
2025-12-11T02:25:20.790943,0.31,0.69,1.0
2025-12-11T02:25:21.397500,0.305,0.695,1.0
2025-12-11T02:25:21.999263,0.3,0.695,0.9949999999999999
2025-12-11T02:25:22.616461,0.3,0.7,1.0
2025-12-11T02:25:23.220303,0.285,0.715,1.0
2025-12-11T02:25:23.837958,0.275,0.725,1.0
2025-12-11T02:25:24.442812,0.27,0.725,0.995
2025-12-11T02:25:25.043887,0.275,0.725,1.0
2025-12-11T02:25:25.647850,0.275,0.725,1.0
2025-12-11T02:25:26.250525,0.255,0.745,1.0
2025-12-11T02:25:26.867425,0.255,0.75,1.005
2025-12-11T02:25:27.473061,0.245,0.755,1.0
2025-12-11T02:25:28.086865,0.25,0.75,1.0
2025-12-11T02:25:28.685908,0.245,0.755,1.0
2025-12-11T02:25:27.693959,0.25,0.755,1.005
2025-12-11T02:25:28.292791,0.23,0.77,1.0
2025-12-11T02:25:28.910666,0.215,0.785,1.0
2025-12-11T02:25:29.511550,0.215,0.785,1.0
2025-12-11T02:25:30.110859,0.22,0.78,1.0
2025-12-11T02:25:30.721058,0.225,0.775,1.0
2025-12-11T02:25:31.321680,0.225,0.775,1.0
2025-12-11T02:25:31.951410,0.22,0.78,1.0
2025-12-11T02:25:32.554017,0.22,0.78,1.0
2025-12-11T02:25:33.166979,0.22,0.78,1.0
2025-12-11T02:25:33.772317,0.235,0.765,1.0
2025-12-11T02:25:34.376629,0.215,0.785,1.0
2025-12-11T02:25:35.000112,0.205,0.795,1.0
2025-12-11T02:25:35.613847,0.205,0.795,1.0
2025-12-11T02:25:36.216889,0.205,0.795,1.0
2025-12-11T02:25:36.823553,0.2,0.8,1.0
2025-12-11T02:25:37.443324,0.195,0.805,1.0
2025-12-11T02:25:38.058851,0.2,0.8,1.0
2025-12-11T02:25:38.671230,0.2,0.8,1.0
2025-12-11T02:25:39.283526,0.195,0.805,1.0
2025-12-11T02:25:39.886728,0.195,0.805,1.0
2025-12-11T02:25:40.490353,0.195,0.805,1.0
2025-12-11T02:25:41.093702,0.175,0.83,1.005
2025-12-11T02:25:41.700249,0.175,0.825,1.0
2025-12-11T02:25:42.307041,0.185,0.815,1.0
2025-12-11T02:25:42.903142,0.175,0.825,1.0
2025-12-11T02:25:43.503667,0.175,0.825,1.0
2025-12-11T02:25:44.111437,0.175,0.825,1.0
2025-12-11T02:25:44.716106,0.175,0.825,1.0
2025-12-11T02:25:45.314662,0.175,0.825,1.0
2025-12-11T02:25:45.917367,0.185,0.81,0.9950000000000001
2025-12-11T02:25:46.524100,0.19,0.81,1.0
2025-12-11T02:25:47.130182,0.185,0.815,1.0
2025-12-11T02:25:47.737503,0.2,0.8,1.0
2025-12-11T02:25:48.343113,0.225,0.775,1.0
2025-12-11T02:25:48.943080,0.215,0.785,1.0
2025-12-11T02:25:49.596737,0.225,0.775,1.0
2025-12-11T02:25:50.206536,0.24,0.76,1.0
2025-12-11T02:25:50.818892,0.24,0.755,0.995
2025-12-11T02:25:51.420623,0.245,0.755,1.0
2025-12-11T02:25:52.031398,0.25,0.745,0.995
2025-12-11T02:25:52.640956,0.25,0.75,1.0
2025-12-11T02:25:53.248102,0.245,0.755,1.0
2025-12-11T02:25:53.857537,0.245,0.755,1.0
2025-12-11T02:25:54.463726,0.245,0.755,1.0
2025-12-11T02:25:55.076441,0.245,0.755,1.0
2025-12-11T02:25:55.680441,0.24,0.76,1.0
2025-12-11T02:25:56.290434,0.24,0.76,1.0
2025-12-11T02:25:56.898993,0.245,0.755,1.0
2025-12-11T02:25:57.509124,0.235,0.765,1.0
2025-12-11T02:25:58.116909,0.235,0.765,1.0
2025-12-11T02:25:58.735773,0.245,0.755,1.0
2025-12-11T02:25:59.341716,0.255,0.745,1.0
2025-12-11T02:25:58.356356,0.255,0.745,1.0
2025-12-11T02:25:58.963878,0.255,0.745,1.0
2025-12-11T02:25:59.571980,0.255,0.745,1.0
2025-12-11T02:26:00.191731,0.255,0.745,1.0
2025-12-11T02:26:00.788980,0.255,0.745,1.0
2025-12-11T02:26:01.389894,0.27,0.725,0.995
2025-12-11T02:26:01.994724,0.285,0.715,1.0
2025-12-11T02:26:02.604255,0.33,0.67,1.0
2025-12-11T02:26:03.215560,0.335,0.665,1.0
2025-12-11T02:26:03.826918,0.33,0.67,1.0
2025-12-11T02:26:04.451462,0.335,0.665,1.0
2025-12-11T02:26:05.064975,0.335,0.67,1.0050000000000001
2025-12-11T02:26:05.679812,0.325,0.675,1.0
2025-12-11T02:26:06.279662,0.335,0.665,1.0
2025-12-11T02:26:06.898581,0.345,0.655,1.0
2025-12-11T02:26:07.516780,0.345,0.655,1.0
2025-12-11T02:26:08.116145,0.355,0.645,1.0
2025-12-11T02:26:08.728892,0.35,0.64,0.99
2025-12-11T02:26:09.326860,0.38,0.615,0.995
2025-12-11T02:26:09.932336,0.41,0.585,0.9949999999999999
2025-12-11T02:26:10.541038,0.425,0.575,1.0
2025-12-11T02:26:11.141080,0.435,0.565,1.0
2025-12-11T02:26:11.760945,0.395,0.61,1.005
2025-12-11T02:26:12.372600,0.38,0.62,1.0
2025-12-11T02:26:12.974897,0.405,0.595,1.0
2025-12-11T02:26:13.582853,0.385,0.615,1.0
2025-12-11T02:26:14.180059,0.395,0.605,1.0
2025-12-11T02:26:14.784469,0.395,0.605,1.0
2025-12-11T02:26:15.397198,0.395,0.595,0.99
2025-12-11T02:26:15.997435,0.42,0.58,1.0
2025-12-11T02:26:16.598633,0.465,0.535,1.0
2025-12-11T02:26:17.193341,0.475,0.525,1.0
2025-12-11T02:26:17.792147,0.49,0.51,1.0
2025-12-11T02:26:18.395632,0.495,0.505,1.0
2025-12-11T02:26:18.994012,0.495,0.505,1.0
2025-12-11T02:26:19.595628,0.485,0.515,1.0
2025-12-11T02:26:20.195106,0.5,0.495,0.995
2025-12-11T02:26:20.799114,0.515,0.485,1.0
2025-12-11T02:26:21.412810,0.515,0.485,1.0
2025-12-11T02:26:22.016814,0.505,0.495,1.0
2025-12-11T02:26:22.622604,0.505,0.495,1.0
2025-12-11T02:26:23.220286,0.505,0.495,1.0
2025-12-11T02:26:23.834681,0.515,0.485,1.0
2025-12-11T02:26:24.445010,0.565,0.435,1.0
2025-12-11T02:26:25.044405,0.575,0.425,1.0
2025-12-11T02:26:25.662968,0.59,0.415,1.005
2025-12-11T02:26:26.271599,0.605,0.4,1.005
2025-12-11T02:26:26.887145,0.59,0.41,1.0
2025-12-11T02:26:27.507828,0.59,0.41,1.0
2025-12-11T02:26:28.118212,0.585,0.415,1.0
2025-12-11T02:26:28.730937,0.555,0.445,1.0
2025-12-11T02:26:29.335876,0.565,0.435,1.0
2025-12-11T02:26:29.960830,0.56,0.44,1.0
2025-12-11T02:26:28.971196,0.54,0.46,1.0
2025-12-11T02:26:29.566981,0.525,0.475,1.0
2025-12-11T02:26:30.182695,0.525,0.475,1.0
2025-12-11T02:26:30.808477,0.52,0.475,0.995
2025-12-11T02:26:31.424970,0.525,0.475,1.0
2025-12-11T02:26:32.042287,0.525,0.475,1.0
2025-12-11T02:26:32.654018,0.525,0.475,1.0
2025-12-11T02:26:33.271188,0.54,0.46,1.0
2025-12-11T02:26:33.893998,0.555,0.445,1.0
2025-12-11T02:26:34.511067,0.565,0.435,1.0
2025-12-11T02:26:35.124844,0.615,0.385,1.0
2025-12-11T02:26:35.733970,0.6,0.4,1.0
2025-12-11T02:26:36.361540,0.615,0.385,1.0
2025-12-11T02:26:36.976834,0.63,0.37,1.0
2025-12-11T02:26:37.584567,0.635,0.365,1.0
2025-12-11T02:26:38.191538,0.645,0.355,1.0
2025-12-11T02:26:38.799780,0.61,0.39,1.0
2025-12-11T02:26:39.415534,0.605,0.395,1.0
2025-12-11T02:26:40.012317,0.605,0.395,1.0
2025-12-11T02:26:40.626851,0.63,0.37,1.0
2025-12-11T02:26:41.235567,0.625,0.375,1.0
2025-12-11T02:26:41.845359,0.615,0.385,1.0
2025-12-11T02:26:42.498854,0.62,0.38,1.0
2025-12-11T02:26:43.114437,0.625,0.375,1.0
2025-12-11T02:26:43.738376,0.635,0.365,1.0
2025-12-11T02:26:44.341201,0.64,0.36,1.0
2025-12-11T02:26:44.953832,0.64,0.36,1.0
2025-12-11T02:26:45.658430,0.635,0.365,1.0
2025-12-11T02:26:46.258108,0.635,0.365,1.0
2025-12-11T02:26:46.864187,0.615,0.385,1.0
2025-12-11T02:26:47.475149,0.63,0.37,1.0
2025-12-11T02:26:48.077377,0.62,0.38,1.0
2025-12-11T02:26:48.686334,0.615,0.385,1.0
2025-12-11T02:26:49.286834,0.62,0.385,1.005
2025-12-11T02:26:49.887333,0.615,0.385,1.0
2025-12-11T02:26:50.494570,0.635,0.365,1.0
2025-12-11T02:26:51.093140,0.635,0.365,1.0
2025-12-11T02:26:51.700924,0.655,0.345,1.0
2025-12-11T02:26:52.310553,0.67,0.33,1.0
2025-12-11T02:26:52.917259,0.655,0.345,1.0
2025-12-11T02:26:53.546868,0.635,0.365,1.0
2025-12-11T02:26:54.156070,0.66,0.34,1.0
2025-12-11T02:26:54.755228,0.665,0.335,1.0
2025-12-11T02:26:55.353714,0.665,0.335,1.0
2025-12-11T02:26:55.955506,0.66,0.345,1.005
2025-12-11T02:26:56.561944,0.665,0.335,1.0
2025-12-11T02:26:57.169814,0.685,0.32,1.0050000000000001
2025-12-11T02:26:57.766658,0.68,0.32,1.0
2025-12-11T02:26:58.370734,0.685,0.315,1.0
2025-12-11T02:26:58.970192,0.695,0.305,1.0
2025-12-11T02:26:59.563491,0.695,0.295,0.99
2025-12-11T02:27:00.164255,0.74,0.26,1.0
2025-12-11T02:27:00.763930,0.735,0.265,1.0
2025-12-11T02:26:59.732483,0.72,0.28,1.0
2025-12-11T02:27:00.328157,0.72,0.275,0.995
2025-12-11T02:27:00.933049,0.725,0.275,1.0
2025-12-11T02:27:01.526552,0.71,0.29,1.0
2025-12-11T02:27:02.123976,0.715,0.285,1.0
2025-12-11T02:27:02.724004,0.745,0.26,1.005
2025-12-11T02:27:03.320160,0.755,0.24,0.995
2025-12-11T02:27:03.942106,0.775,0.225,1.0
2025-12-11T02:27:04.541937,0.78,0.22,1.0
2025-12-11T02:27:05.132347,0.79,0.21,1.0
2025-12-11T02:27:05.727438,0.785,0.215,1.0
2025-12-11T02:27:06.343435,0.775,0.21,0.985
2025-12-11T02:27:06.945714,0.775,0.235,1.01
2025-12-11T02:27:07.543976,0.805,0.195,1.0
2025-12-11T02:27:08.148676,0.75,0.25,1.0
2025-12-11T02:27:08.758745,0.725,0.275,1.0
2025-12-11T02:27:09.372130,0.725,0.27,0.995
2025-12-11T02:27:09.992135,0.745,0.255,1.0
2025-12-11T02:27:10.606000,0.735,0.265,1.0
2025-12-11T02:27:11.203307,0.735,0.265,1.0
2025-12-11T02:27:11.800418,0.735,0.265,1.0
2025-12-11T02:27:12.400559,0.73,0.265,0.995
2025-12-11T02:27:12.995983,0.715,0.29,1.005
2025-12-11T02:27:13.596030,0.705,0.29,0.9949999999999999
2025-12-11T02:27:14.193689,0.705,0.3,1.005
2025-12-11T02:27:14.803505,0.685,0.32,1.0050000000000001
2025-12-11T02:27:15.403959,0.675,0.325,1.0
2025-12-11T02:27:16.002688,0.66,0.34,1.0
2025-12-11T02:27:16.611345,0.66,0.34,1.0
2025-12-11T02:27:17.214628,0.67,0.33,1.0
2025-12-11T02:27:17.830227,0.67,0.33,1.0
2025-12-11T02:27:18.426966,0.67,0.33,1.0
2025-12-11T02:27:19.035666,0.655,0.345,1.0
2025-12-11T02:27:19.638644,0.655,0.35,1.005
2025-12-11T02:27:20.239265,0.65,0.35,1.0
2025-12-11T02:27:20.936470,0.635,0.355,0.99
2025-12-11T02:27:21.554063,0.645,0.355,1.0
2025-12-11T02:27:22.151896,0.63,0.37,1.0
2025-12-11T02:27:22.769761,0.615,0.385,1.0
2025-12-11T02:27:23.369713,0.615,0.385,1.0
2025-12-11T02:27:23.975617,0.625,0.375,1.0
2025-12-11T02:27:24.752772,0.625,0.375,1.0
2025-12-11T02:27:25.348628,0.605,0.395,1.0
2025-12-11T02:27:25.954914,0.605,0.395,1.0
2025-12-11T02:27:26.556265,0.58,0.42,1.0
2025-12-11T02:27:27.157586,0.565,0.435,1.0
2025-12-11T02:27:27.771026,0.565,0.435,1.0
2025-12-11T02:27:28.367183,0.595,0.405,1.0
2025-12-11T02:27:28.976354,0.625,0.37,0.995
2025-12-11T02:27:29.582721,0.635,0.365,1.0
2025-12-11T02:27:30.182814,0.655,0.345,1.0
2025-12-11T02:27:30.784575,0.675,0.325,1.0
2025-12-11T02:27:31.383830,0.67,0.33,1.0
2025-12-11T02:27:30.393061,0.66,0.335,0.9950000000000001
2025-12-11T02:27:31.008614,0.68,0.32,1.0
2025-12-11T02:27:31.615980,0.685,0.315,1.0
2025-12-11T02:27:32.217509,0.715,0.29,1.005
2025-12-11T02:27:32.821857,0.72,0.28,1.0
2025-12-11T02:27:33.437606,0.735,0.265,1.0
2025-12-11T02:27:34.039967,0.745,0.255,1.0
2025-12-11T02:27:34.644923,0.755,0.245,1.0
2025-12-11T02:27:35.241979,0.75,0.25,1.0
2025-12-11T02:27:35.849802,0.765,0.235,1.0
2025-12-11T02:27:36.453049,0.75,0.255,1.005
2025-12-11T02:27:37.059761,0.735,0.265,1.0
2025-12-11T02:27:37.665246,0.71,0.29,1.0
2025-12-11T02:27:38.270580,0.715,0.285,1.0
2025-12-11T02:27:38.874369,0.71,0.29,1.0
2025-12-11T02:27:39.478261,0.705,0.295,1.0
2025-12-11T02:27:40.079490,0.715,0.285,1.0
2025-12-11T02:27:40.677564,0.715,0.285,1.0
2025-12-11T02:27:41.275232,0.725,0.275,1.0
2025-12-11T02:27:41.884329,0.745,0.255,1.0
2025-12-11T02:27:42.499667,0.77,0.215,0.985
2025-12-11T02:27:43.110132,0.795,0.205,1.0
2025-12-11T02:27:43.720609,0.785,0.215,1.0
2025-12-11T02:27:44.328895,0.795,0.205,1.0
2025-12-11T02:27:44.935560,0.8,0.195,0.9950000000000001
2025-12-11T02:27:45.530363,0.8,0.195,0.9950000000000001
2025-12-11T02:27:46.136723,0.805,0.195,1.0
2025-12-11T02:27:46.746649,0.815,0.185,1.0
2025-12-11T02:27:47.350570,0.825,0.175,1.0
2025-12-11T02:27:47.944705,0.825,0.175,1.0
2025-12-11T02:27:48.554627,0.82,0.18,1.0
2025-12-11T02:27:49.163478,0.835,0.165,1.0
2025-12-11T02:27:49.764296,0.845,0.155,1.0
2025-12-11T02:27:50.371853,0.85,0.145,0.995
2025-12-11T02:27:50.972345,0.845,0.155,1.0
2025-12-11T02:27:51.567943,0.845,0.16,1.005
2025-12-11T02:27:52.167913,0.84,0.16,1.0
2025-12-11T02:27:52.771055,0.82,0.18,1.0
2025-12-11T02:27:53.376634,0.82,0.18,1.0
2025-12-11T02:27:53.987516,0.82,0.175,0.9949999999999999
2025-12-11T02:27:54.599176,0.825,0.175,1.0
2025-12-11T02:27:55.220328,0.835,0.165,1.0
2025-12-11T02:27:55.824005,0.815,0.185,1.0
2025-12-11T02:27:56.429827,0.805,0.195,1.0
2025-12-11T02:27:57.035443,0.8,0.215,1.0150000000000001
2025-12-11T02:27:57.632155,0.765,0.235,1.0
2025-12-11T02:27:58.242715,0.81,0.185,0.9950000000000001
2025-12-11T02:27:58.848569,0.815,0.185,1.0
2025-12-11T02:27:59.452077,0.79,0.21,1.0
2025-12-11T02:28:00.055373,0.81,0.185,0.9950000000000001
2025-12-11T02:28:00.665044,0.815,0.185,1.0
2025-12-11T02:28:01.272006,0.815,0.185,1.0
2025-12-11T02:28:01.869260,0.78,0.215,0.995
2025-12-11T02:28:00.862911,0.775,0.225,1.0
2025-12-11T02:28:01.467032,0.76,0.24,1.0
2025-12-11T02:28:02.063946,0.745,0.255,1.0
2025-12-11T02:28:02.657893,0.73,0.27,1.0
2025-12-11T02:28:03.266339,0.74,0.26,1.0
2025-12-11T02:28:03.867014,0.75,0.26,1.01
2025-12-11T02:28:04.460172,0.725,0.275,1.0
2025-12-11T02:28:05.054940,0.72,0.28,1.0
2025-12-11T02:28:05.655795,0.815,0.185,1.0
2025-12-11T02:28:06.255658,0.765,0.24,1.005
2025-12-11T02:28:06.864335,0.72,0.275,0.995
2025-12-11T02:28:07.466943,0.73,0.27,1.0
2025-12-11T02:28:08.092052,0.735,0.265,1.0
2025-12-11T02:28:08.688186,0.735,0.265,1.0
2025-12-11T02:28:09.283954,0.74,0.26,1.0
2025-12-11T02:28:09.888625,0.735,0.275,1.01
2025-12-11T02:28:10.486973,0.735,0.265,1.0
2025-12-11T02:28:11.089565,0.725,0.275,1.0
2025-12-11T02:28:11.685369,0.71,0.29,1.0
2025-12-11T02:28:12.285233,0.725,0.275,1.0
2025-12-11T02:28:12.885324,0.725,0.275,1.0
2025-12-11T02:28:13.479341,0.73,0.265,0.995
2025-12-11T02:28:14.084447,0.725,0.275,1.0
2025-12-11T02:28:14.688451,0.725,0.27,0.995
2025-12-11T02:28:15.310264,0.73,0.275,1.005
2025-12-11T02:28:15.913521,0.77,0.23,1.0
2025-12-11T02:28:16.518650,0.775,0.225,1.0
2025-12-11T02:28:17.127452,0.785,0.215,1.0
2025-12-11T02:28:17.737028,0.795,0.21,1.0050000000000001
2025-12-11T02:28:18.344389,0.795,0.205,1.0
2025-12-11T02:28:18.949562,0.77,0.23,1.0
2025-12-11T02:28:19.548687,0.805,0.195,1.0
2025-12-11T02:28:20.160068,0.8,0.195,0.9950000000000001
2025-12-11T02:28:20.769285,0.8,0.205,1.0050000000000001
2025-12-11T02:28:21.366758,0.79,0.21,1.0
2025-12-11T02:28:21.969001,0.79,0.21,1.0
2025-12-11T02:28:22.576696,0.79,0.21,1.0
2025-12-11T02:28:23.183913,0.79,0.21,1.0
2025-12-11T02:28:23.785568,0.79,0.21,1.0
2025-12-11T02:28:24.400737,0.79,0.21,1.0
2025-12-11T02:28:25.028799,0.805,0.195,1.0
2025-12-11T02:28:25.642962,0.795,0.205,1.0
2025-12-11T02:28:26.259261,0.785,0.215,1.0
2025-12-11T02:28:26.874108,0.8,0.195,0.9950000000000001
2025-12-11T02:28:27.478038,0.805,0.195,1.0
2025-12-11T02:28:28.082943,0.77,0.23,1.0
2025-12-11T02:28:28.688353,0.795,0.21,1.0050000000000001
2025-12-11T02:28:29.297342,0.805,0.195,1.0
2025-12-11T02:28:29.910518,0.805,0.195,1.0
2025-12-11T02:28:30.518914,0.805,0.195,1.0
2025-12-11T02:28:31.133167,0.785,0.2,0.9850000000000001
2025-12-11T02:28:31.728065,0.82,0.18,1.0
2025-12-11T02:28:32.343946,0.81,0.195,1.0050000000000001
2025-12-11T02:28:31.372669,0.82,0.18,1.0
2025-12-11T02:28:31.971910,0.82,0.18,1.0
2025-12-11T02:28:32.580182,0.82,0.18,1.0
2025-12-11T02:28:33.188074,0.815,0.19,1.005
2025-12-11T02:28:33.806299,0.81,0.19,1.0
2025-12-11T02:28:34.408071,0.815,0.165,0.98
2025-12-11T02:28:35.030595,0.845,0.155,1.0
2025-12-11T02:28:35.647321,0.855,0.145,1.0
2025-12-11T02:28:36.264463,0.86,0.13,0.99
2025-12-11T02:28:36.881680,0.875,0.12,0.995
2025-12-11T02:28:37.487717,0.89,0.11,1.0
2025-12-11T02:28:38.092790,0.89,0.11,1.0
2025-12-11T02:28:38.703190,0.89,0.11,1.0
2025-12-11T02:28:39.323764,0.875,0.125,1.0
2025-12-11T02:28:39.933221,0.89,0.11,1.0
2025-12-11T02:28:40.533736,0.89,0.11,1.0
2025-12-11T02:28:41.143311,0.895,0.105,1.0
2025-12-11T02:28:41.758076,0.895,0.105,1.0
2025-12-11T02:28:42.364371,0.875,0.125,1.0
2025-12-11T02:28:42.964333,0.88,0.12,1.0
2025-12-11T02:28:43.575542,0.88,0.12,1.0
2025-12-11T02:28:44.184493,0.88,0.12,1.0
2025-12-11T02:28:44.781664,0.9,0.1,1.0
2025-12-11T02:28:45.387466,0.915,0.085,1.0
2025-12-11T02:28:45.988076,0.925,0.075,1.0
2025-12-11T02:28:46.593552,0.935,0.065,1.0
2025-12-11T02:28:47.197775,0.945,0.055,1.0
2025-12-11T02:28:47.809571,0.95,0.045,0.995
2025-12-11T02:28:48.407124,0.955,0.045,1.0
2025-12-11T02:28:49.003877,0.965,0.035,1.0
2025-12-11T02:28:49.620982,0.965,0.035,1.0
2025-12-11T02:28:50.221621,0.965,0.035,1.0
2025-12-11T02:28:50.824357,0.965,0.035,1.0
2025-12-11T02:28:51.420058,0.965,0.035,1.0
2025-12-11T02:28:52.031528,0.955,0.045,1.0
2025-12-11T02:28:52.642285,0.955,0.045,1.0
2025-12-11T02:28:53.243726,0.91,0.095,1.0050000000000001
2025-12-11T02:28:53.852309,0.905,0.095,1.0
2025-12-11T02:28:54.464215,0.92,0.08,1.0
2025-12-11T02:28:55.078685,0.92,0.08,1.0
2025-12-11T02:28:55.692465,0.92,0.08,1.0
2025-12-11T02:28:56.302024,0.92,0.08,1.0
2025-12-11T02:28:56.914692,0.92,0.08,1.0
2025-12-11T02:28:57.511487,0.92,0.08,1.0
2025-12-11T02:28:58.120039,0.925,0.075,1.0
2025-12-11T02:28:58.726811,0.925,0.08,1.0050000000000001
2025-12-11T02:28:59.329510,0.92,0.085,1.0050000000000001
2025-12-11T02:28:59.931131,0.92,0.08,1.0
2025-12-11T02:29:00.543784,0.945,0.055,1.0
2025-12-11T02:29:01.149220,0.945,0.055,1.0
2025-12-11T02:29:01.760594,0.945,0.055,1.0
2025-12-11T02:29:02.379145,0.945,0.055,1.0
2025-12-11T02:29:02.982977,0.935,0.065,1.0
2025-12-11T02:29:01.988236,0.92,0.08,1.0
2025-12-11T02:29:02.597185,0.905,0.095,1.0
2025-12-11T02:29:03.198702,0.905,0.105,1.01
2025-12-11T02:29:03.831700,0.905,0.095,1.0
2025-12-11T02:29:04.448625,0.905,0.095,1.0
2025-12-11T02:29:05.061287,0.915,0.085,1.0
2025-12-11T02:29:05.678681,0.905,0.095,1.0
2025-12-11T02:29:06.292784,0.9,0.1,1.0
2025-12-11T02:29:06.904928,0.905,0.095,1.0
2025-12-11T02:29:07.506799,0.865,0.145,1.01
2025-12-11T02:29:08.125965,0.875,0.125,1.0
2025-12-11T02:29:08.733776,0.885,0.115,1.0
2025-12-11T02:29:09.344336,0.895,0.105,1.0
2025-12-11T02:29:09.987108,0.885,0.115,1.0
2025-12-11T02:29:10.587069,0.885,0.115,1.0
2025-12-11T02:29:11.193074,0.865,0.13,0.995
2025-12-11T02:29:11.800016,0.865,0.135,1.0
2025-12-11T02:29:12.401679,0.875,0.125,1.0
2025-12-11T02:29:13.008284,0.885,0.12,1.005
2025-12-11T02:29:13.609539,0.885,0.115,1.0
2025-12-11T02:29:14.216409,0.885,0.115,1.0
2025-12-11T02:29:14.879749,0.885,0.115,1.0
2025-12-11T02:29:15.482074,0.88,0.12,1.0
2025-12-11T02:29:16.087040,0.85,0.125,0.975
2025-12-11T02:29:16.685861,0.875,0.125,1.0
2025-12-11T02:29:17.289072,0.875,0.135,1.01
2025-12-11T02:29:17.895831,0.835,0.15,0.985
2025-12-11T02:29:18.508706,0.835,0.165,1.0
2025-12-11T02:29:19.113414,0.845,0.155,1.0
2025-12-11T02:29:19.728526,0.84,0.16,1.0
2025-12-11T02:29:20.332099,0.835,0.165,1.0
2025-12-11T02:29:20.949178,0.885,0.115,1.0
2025-12-11T02:29:21.549832,0.885,0.115,1.0
2025-12-11T02:29:22.173349,0.915,0.085,1.0
2025-12-11T02:29:22.773163,0.93,0.07,1.0
2025-12-11T02:29:23.375348,0.93,0.07,1.0
2025-12-11T02:29:24.003881,0.925,0.075,1.0
2025-12-11T02:29:24.615788,0.935,0.065,1.0
2025-12-11T02:29:25.241970,0.955,0.045,1.0
2025-12-11T02:29:25.854519,0.955,0.045,1.0
2025-12-11T02:29:26.457200,0.935,0.065,1.0
2025-12-11T02:29:27.070038,0.935,0.065,1.0
2025-12-11T02:29:27.678239,0.945,0.055,1.0
2025-12-11T02:29:28.293270,0.945,0.055,1.0
2025-12-11T02:29:28.910080,0.965,0.035,1.0
2025-12-11T02:29:29.520967,0.965,0.035,1.0
2025-12-11T02:29:30.133220,0.965,0.035,1.0
2025-12-11T02:29:30.747838,0.965,0.035,1.0
2025-12-11T02:29:31.360687,0.965,0.035,1.0
2025-12-11T02:29:31.973643,0.965,0.035,1.0
2025-12-11T02:29:32.590732,0.965,0.035,1.0
2025-12-11T02:29:33.205017,0.965,0.035,1.0
2025-12-11T02:29:33.818112,0.965,0.035,1.0
2025-12-11T02:29:32.824809,0.985,0.015,1.0
2025-12-11T02:29:33.437116,0.985,0.015,1.0
2025-12-11T02:29:34.053514,0.985,0.015,1.0
2025-12-11T02:29:34.671592,0.985,0.015,1.0
2025-12-11T02:29:35.284502,0.985,0.015,1.0
2025-12-11T02:29:35.890606,0.985,0.015,1.0
2025-12-11T02:29:36.500347,0.985,0.015,1.0
2025-12-11T02:29:37.112389,0.995,0.005,1.0
2025-12-11T02:29:37.726695,0.995,0.005,1.0
2025-12-11T02:29:38.347432,0.995,0.005,1.0
2025-12-11T02:29:38.956878,0.995,0.005,1.0
2025-12-11T02:29:39.612533,0.995,0.005,1.0
2025-12-11T02:29:40.224766,0.995,0.005,1.0
2025-12-11T02:29:40.833774,0.995,0.005,1.0
2025-12-11T02:29:41.445646,0.995,0.005,1.0
2025-12-11T02:29:42.049619,0.995,0.005,1.0
2025-12-11T02:29:42.667659,0.995,0.005,1.0
2025-12-11T02:29:43.280110,0.985,0.015,1.0
2025-12-11T02:29:43.890780,0.995,0.005,1.0
2025-12-11T02:29:44.501800,0.995,0.005,1.0
2025-12-11T02:29:45.116349,0.995,0.005,1.0
2025-12-11T02:29:45.731433,0.995,0.005,1.0
2025-12-11T02:29:46.347415,0.995,0.005,1.0
2025-12-11T02:29:46.958872,0.995,0.005,1.0
2025-12-11T02:29:47.574686,0.995,0.005,1.0
2025-12-11T02:29:48.194736,0.995,0.005,1.0
2025-12-11T02:29:48.806766,0.995,0.005,1.0
2025-12-11T02:29:49.426233,0.995,0.005,1.0
2025-12-11T02:29:50.058895,0.995,0.005,1.0
2025-12-11T02:29:50.669880,0.995,0.005,1.0
2025-12-11T02:29:51.286795,0.995,0.005,1.0
2025-12-11T02:29:51.896036,0.995,0.005,1.0
2025-12-11T02:29:52.506279,0.995,0.005,1.0
2025-12-11T02:29:53.115272,0.995,0.005,1.0
2025-12-11T02:29:53.728541,0.995,0.005,1.0
2025-12-11T02:29:54.337705,0.995,0.005,1.0
2025-12-11T02:29:54.949836,0.995,0.005,1.0
2025-12-11T02:29:55.573453,0.995,0.005,1.0
2025-12-11T02:29:56.192691,0.995,0.005,1.0
2025-12-11T02:29:56.813160,0.995,0.005,1.0
2025-12-11T02:29:57.434851,0.995,0.005,1.0
2025-12-11T02:29:58.054467,0.995,0.005,1.0
2025-12-11T02:29:58.666579,0.995,0.005,1.0
2025-12-11T02:29:59.276674,0.995,0.005,1.0
2025-12-11T02:29:59.908623,0.995,0.005,1.0
2025-12-11T02:30:00.529828,0.995,0.005,1.0
2025-12-11T02:30:01.143069,0.995,0.005,1.0
2025-12-11T02:30:01.762808,0.995,0.005,1.0
2025-12-11T02:30:02.381007,0.995,0.005,1.0
2025-12-11T02:30:03.003594,0.995,0.005,1.0
2025-12-11T02:30:03.616890,0.995,0.005,1.0
2025-12-11T02:30:04.227866,0.995,0.005,1.0
2025-12-11T02:30:03.214480,0.995,0.005,1.0
2025-12-11T02:30:03.833900,0.995,0.005,1.0
2025-12-11T02:30:04.449985,0.995,0.005,1.0
2025-12-11T02:30:05.061693,0.995,0.005,1.0
2025-12-11T02:30:05.673139,0.995,0.005,1.0
2025-12-11T02:30:06.284166,0.995,0.005,1.0
2025-12-11T02:30:06.892238,0.995,0.005,1.0
2025-12-11T02:30:07.504779,0.995,0.005,1.0
2025-12-11T02:30:08.115442,0.995,0.005,1.0
2025-12-11T02:30:08.730652,0.995,0.005,1.0
2025-12-11T02:30:09.347005,0.995,0.005,1.0
2025-12-11T02:30:09.960579,0.995,0.005,1.0
2025-12-11T02:30:10.569323,0.995,0.005,1.0
2025-12-11T02:30:11.177000,0.995,0.005,1.0
2025-12-11T02:30:11.787688,0.995,0.005,1.0
2025-12-11T02:30:12.398709,0.995,0.005,1.0
2025-12-11T02:30:13.012239,0.995,0.005,1.0
2025-12-11T02:30:13.622198,0.995,0.005,1.0
2025-12-11T02:30:14.233838,0.995,0.005,1.0
2025-12-11T02:30:14.848332,0.995,0.005,1.0
2025-12-11T02:30:15.468787,0.995,0.005,1.0
2025-12-11T02:30:16.080063,0.995,0.005,1.0
2025-12-11T02:30:16.693253,0.995,0.005,1.0
2025-12-11T02:30:17.309182,0.995,0.005,1.0
2025-12-11T02:30:17.969926,0.995,0.005,1.0
2025-12-11T02:30:18.603714,0.995,0.005,1.0
2025-12-11T02:30:19.214346,0.995,0.005,1.0
2025-12-11T02:30:19.834223,0.995,0.005,1.0
2025-12-11T02:30:20.447713,0.995,0.005,1.0
2025-12-11T02:30:21.061400,0.995,0.005,1.0
2025-12-11T02:30:21.677696,0.995,0.005,1.0
2025-12-11T02:30:22.283648,0.995,0.005,1.0
2025-12-11T02:30:22.897721,0.995,0.005,1.0
2025-12-11T02:30:23.510100,0.995,0.005,1.0
2025-12-11T02:30:24.130196,0.995,0.005,1.0
2025-12-11T02:30:24.748051,0.995,0.005,1.0
2025-12-11T02:30:25.359033,0.995,0.005,1.0
2025-12-11T02:30:25.978066,0.995,0.005,1.0
2025-12-11T02:30:26.588201,0.995,0.005,1.0
2025-12-11T02:30:27.199928,0.995,0.005,1.0
2025-12-11T02:30:27.812158,0.995,0.005,1.0
2025-12-11T02:30:28.487813,0.995,0.005,1.0
2025-12-11T02:30:29.115491,0.995,0.005,1.0
2025-12-11T02:30:29.726441,0.995,0.005,1.0
2025-12-11T02:30:30.336683,0.995,0.005,1.0
2025-12-11T02:30:30.955148,0.995,0.005,1.0
2025-12-11T02:30:31.573278,0.995,0.005,1.0
2025-12-11T02:30:32.181448,0.995,0.005,1.0
2025-12-11T02:30:32.802032,0.995,0.005,1.0
2025-12-11T02:30:33.416787,0.995,0.005,1.0
2025-12-11T02:30:34.033893,0.995,0.005,1.0
2025-12-11T02:30:34.646694,0.995,0.005,1.0
2025-12-11T02:30:35.260666,0.995,0.005,1.0
2025-12-11T02:30:34.277954,0.995,0.005,1.0
2025-12-11T02:30:34.889368,0.995,0.005,1.0
2025-12-11T02:30:35.490467,0.995,0.005,1.0
2025-12-11T02:30:36.084882,0.995,0.005,1.0
2025-12-11T02:30:36.687330,0.995,0.005,1.0
2025-12-11T02:30:37.291335,0.995,0.005,1.0
2025-12-11T02:30:37.893064,0.995,0.005,1.0
2025-12-11T02:30:38.499604,0.995,0.005,1.0
2025-12-11T02:30:39.092929,0.995,0.005,1.0
2025-12-11T02:30:39.702344,0.995,0.005,1.0
2025-12-11T02:30:40.307078,0.995,0.005,1.0
2025-12-11T02:30:40.911690,0.995,0.005,1.0
2025-12-11T02:30:41.522503,0.995,0.005,1.0
2025-12-11T02:30:42.127872,0.995,0.005,1.0
2025-12-11T02:30:42.726936,0.995,0.005,1.0
2025-12-11T02:30:43.327059,0.995,0.005,1.0
2025-12-11T02:30:43.937416,0.995,0.005,1.0
2025-12-11T02:30:44.544467,0.995,0.005,1.0
2025-12-11T02:30:45.156174,0.995,0.005,1.0
2025-12-11T02:30:45.755608,0.995,0.005,1.0
2025-12-11T02:30:46.356004,0.995,0.005,1.0
2025-12-11T02:30:46.953529,0.995,0.005,1.0
2025-12-11T02:30:47.561552,0.995,0.005,1.0
2025-12-11T02:30:48.186768,0.995,0.005,1.0
2025-12-11T02:30:48.800085,0.995,0.005,1.0
2025-12-11T02:30:49.396345,0.995,0.005,1.0
2025-12-11T02:30:49.996648,0.995,0.005,1.0
2025-12-11T02:30:50.596946,0.995,0.005,1.0
2025-12-11T02:30:51.202062,0.995,0.005,1.0
2025-12-11T02:30:51.810023,0.995,0.005,1.0
2025-12-11T02:30:52.420604,0.995,0.005,1.0
2025-12-11T02:30:53.019648,0.995,0.005,1.0
2025-12-11T02:30:53.625318,0.995,0.005,1.0
2025-12-11T02:30:54.236106,0.995,0.005,1.0
2025-12-11T02:30:54.837617,0.995,0.005,1.0
2025-12-11T02:30:55.443462,0.995,0.005,1.0
2025-12-11T02:30:56.039682,0.995,0.005,1.0
2025-12-11T02:30:56.643095,0.995,0.005,1.0
2025-12-11T02:30:57.240833,0.995,0.005,1.0
2025-12-11T02:30:57.837987,0.995,0.005,1.0
2025-12-11T02:30:58.438702,0.995,0.005,1.0
2025-12-11T02:30:59.033481,0.995,0.005,1.0
2025-12-11T02:30:59.640858,0.995,0.005,1.0
