timestamp,price_yes,price_no,sum_prices
2025-12-11T01:01:00.830565,0.445,0.555,1.0
2025-12-11T01:01:01.436064,0.44,0.56,1.0
2025-12-11T01:01:02.028068,0.445,0.555,1.0
2025-12-11T01:01:02.644866,0.445,0.555,1.0
2025-12-11T01:01:03.257522,0.445,0.555,1.0
2025-12-11T01:01:03.873040,0.455,0.535,0.99
2025-12-11T01:01:04.488877,0.465,0.535,1.0
2025-12-11T01:01:05.097249,0.465,0.535,1.0
2025-12-11T01:01:05.712257,0.465,0.535,1.0
2025-12-11T01:01:06.311699,0.465,0.535,1.0
2025-12-11T01:01:06.930639,0.465,0.525,0.99
2025-12-11T01:01:07.540985,0.455,0.545,1.0
2025-12-11T01:01:06.638373,0.46,0.54,1.0
2025-12-11T01:01:07.253225,0.465,0.535,1.0
2025-12-11T01:01:07.854009,0.475,0.525,1.0
2025-12-11T01:01:08.458171,0.475,0.525,1.0
2025-12-11T01:01:09.062912,0.495,0.505,1.0
2025-12-11T01:01:09.692709,0.49,0.51,1.0
2025-12-11T01:01:10.308850,0.485,0.515,1.0
2025-12-11T01:01:10.937414,0.495,0.505,1.0
2025-12-11T01:01:11.558769,0.49,0.51,1.0
2025-12-11T01:01:12.169817,0.49,0.51,1.0
2025-12-11T01:01:12.791099,0.495,0.505,1.0
2025-12-11T01:01:13.409413,0.495,0.505,1.0
2025-12-11T01:01:14.021759,0.49,0.51,1.0
2025-12-11T01:01:14.636015,0.495,0.505,1.0
2025-12-11T01:01:15.253531,0.505,0.495,1.0
2025-12-11T01:01:15.868458,0.515,0.485,1.0
2025-12-11T01:01:16.465790,0.525,0.475,1.0
2025-12-11T01:01:17.080945,0.505,0.495,1.0
2025-12-11T01:01:17.695570,0.51,0.485,0.995
2025-12-11T01:01:18.298724,0.515,0.485,1.0
2025-12-11T01:01:18.911190,0.515,0.485,1.0
2025-12-11T01:01:19.526961,0.515,0.485,1.0
2025-12-11T01:01:20.140295,0.51,0.495,1.005
2025-12-11T01:01:20.740213,0.505,0.495,1.0
2025-12-11T01:01:21.355310,0.505,0.495,1.0
2025-12-11T01:01:21.961102,0.515,0.485,1.0
2025-12-11T01:01:22.570885,0.515,0.485,1.0
2025-12-11T01:01:23.171920,0.505,0.495,1.0
2025-12-11T01:01:23.775967,0.505,0.495,1.0
2025-12-11T01:01:24.385969,0.505,0.495,1.0
2025-12-11T01:01:24.999450,0.515,0.485,1.0
2025-12-11T01:01:25.599305,0.515,0.485,1.0
2025-12-11T01:01:26.206923,0.525,0.475,1.0
2025-12-11T01:01:26.817364,0.535,0.465,1.0
2025-12-11T01:01:27.435796,0.54,0.46,1.0
2025-12-11T01:01:28.050709,0.545,0.445,0.99
2025-12-11T01:01:28.658833,0.545,0.455,1.0
2025-12-11T01:01:29.266871,0.535,0.465,1.0
2025-12-11T01:01:29.861351,0.525,0.475,1.0
2025-12-11T01:01:30.505616,0.515,0.485,1.0
2025-12-11T01:01:31.112543,0.515,0.495,1.01
2025-12-11T01:01:31.704862,0.495,0.505,1.0
2025-12-11T01:01:32.316970,0.495,0.505,1.0
2025-12-11T01:01:32.927044,0.485,0.515,1.0
2025-12-11T01:01:33.532032,0.495,0.505,1.0
2025-12-11T01:01:34.136488,0.495,0.505,1.0
2025-12-11T01:01:34.733246,0.495,0.505,1.0
2025-12-11T01:01:35.334512,0.495,0.505,1.0
2025-12-11T01:01:35.939109,0.495,0.505,1.0
2025-12-11T01:01:36.539233,0.49,0.51,1.0
2025-12-11T01:01:37.140625,0.49,0.51,1.0
2025-12-11T01:01:37.745584,0.485,0.515,1.0
2025-12-11T01:01:38.365150,0.485,0.515,1.0
2025-12-11T01:01:37.413653,0.475,0.525,1.0
2025-12-11T01:01:38.022701,0.485,0.515,1.0
2025-12-11T01:01:38.637096,0.49,0.51,1.0
2025-12-11T01:01:39.229881,0.49,0.51,1.0
2025-12-11T01:01:39.825163,0.495,0.505,1.0
2025-12-11T01:01:40.424581,0.495,0.505,1.0
2025-12-11T01:01:41.028882,0.495,0.51,1.005
2025-12-11T01:01:41.627080,0.485,0.515,1.0
2025-12-11T01:01:42.225889,0.495,0.505,1.0
2025-12-11T01:01:42.825141,0.495,0.505,1.0
2025-12-11T01:01:43.437300,0.495,0.505,1.0
2025-12-11T01:01:44.041138,0.495,0.505,1.0
2025-12-11T01:01:44.648020,0.49,0.515,1.005
2025-12-11T01:01:45.254413,0.465,0.53,0.9950000000000001
2025-12-11T01:01:45.865825,0.495,0.505,1.0
2025-12-11T01:01:46.473244,0.505,0.495,1.0
2025-12-11T01:01:47.075087,0.51,0.485,0.995
2025-12-11T01:01:47.680289,0.51,0.49,1.0
2025-12-11T01:01:48.280299,0.51,0.49,1.0
2025-12-11T01:01:48.885322,0.51,0.49,1.0
2025-12-11T01:01:49.492371,0.51,0.49,1.0
2025-12-11T01:01:50.101156,0.51,0.495,1.005
2025-12-11T01:01:50.703683,0.495,0.505,1.0
2025-12-11T01:01:51.322358,0.51,0.49,1.0
2025-12-11T01:01:51.923039,0.535,0.465,1.0
2025-12-11T01:01:52.536061,0.535,0.465,1.0
2025-12-11T01:01:53.137381,0.535,0.465,1.0
2025-12-11T01:01:53.735146,0.535,0.465,1.0
2025-12-11T01:01:54.332853,0.535,0.455,0.99
2025-12-11T01:01:54.937347,0.555,0.445,1.0
2025-12-11T01:01:55.544110,0.56,0.44,1.0
2025-12-11T01:01:56.150550,0.565,0.435,1.0
2025-12-11T01:01:56.756466,0.55,0.45,1.0
2025-12-11T01:01:57.356541,0.545,0.455,1.0
2025-12-11T01:01:57.970160,0.545,0.45,0.9950000000000001
2025-12-11T01:01:58.594375,0.545,0.455,1.0
2025-12-11T01:01:59.197299,0.545,0.455,1.0
2025-12-11T01:01:59.804273,0.55,0.45,1.0
2025-12-11T01:02:00.418646,0.555,0.445,1.0
2025-12-11T01:02:01.029329,0.555,0.45,1.0050000000000001
2025-12-11T01:02:01.663512,0.55,0.45,1.0
2025-12-11T01:02:02.274137,0.55,0.45,1.0
2025-12-11T01:02:02.878176,0.55,0.45,1.0
2025-12-11T01:02:03.475693,0.545,0.46,1.0050000000000001
2025-12-11T01:02:04.074665,0.525,0.475,1.0
2025-12-11T01:02:04.695514,0.525,0.475,1.0
2025-12-11T01:02:05.308901,0.53,0.465,0.9950000000000001
2025-12-11T01:02:05.913089,0.535,0.465,1.0
2025-12-11T01:02:06.524244,0.525,0.475,1.0
2025-12-11T01:02:07.134466,0.525,0.475,1.0
2025-12-11T01:02:07.776854,0.525,0.475,1.0
2025-12-11T01:02:08.384992,0.525,0.475,1.0
2025-12-11T01:02:09.002957,0.515,0.485,1.0
2025-12-11T01:02:08.093979,0.515,0.485,1.0
2025-12-11T01:02:08.689442,0.505,0.495,1.0
2025-12-11T01:02:09.302105,0.505,0.495,1.0
2025-12-11T01:02:09.907894,0.505,0.495,1.0
2025-12-11T01:02:10.509849,0.505,0.495,1.0
2025-12-11T01:02:11.126634,0.505,0.495,1.0
2025-12-11T01:02:11.741857,0.505,0.495,1.0
2025-12-11T01:02:12.358051,0.505,0.495,1.0
2025-12-11T01:02:12.957965,0.505,0.495,1.0
2025-12-11T01:02:13.559720,0.495,0.505,1.0
2025-12-11T01:02:14.174327,0.495,0.505,1.0
2025-12-11T01:02:14.777178,0.495,0.505,1.0
2025-12-11T01:02:15.383945,0.495,0.505,1.0
2025-12-11T01:02:15.986679,0.495,0.505,1.0
2025-12-11T01:02:16.581966,0.5,0.5,1.0
2025-12-11T01:02:17.191391,0.505,0.495,1.0
2025-12-11T01:02:17.792805,0.505,0.495,1.0
2025-12-11T01:02:18.397964,0.505,0.495,1.0
2025-12-11T01:02:18.999108,0.505,0.495,1.0
2025-12-11T01:02:19.608340,0.515,0.485,1.0
2025-12-11T01:02:20.218540,0.51,0.495,1.005
2025-12-11T01:02:20.824226,0.505,0.49,0.995
2025-12-11T01:02:21.426219,0.515,0.485,1.0
2025-12-11T01:02:22.036382,0.495,0.505,1.0
2025-12-11T01:02:22.646824,0.485,0.52,1.005
2025-12-11T01:02:23.244436,0.475,0.525,1.0
2025-12-11T01:02:23.852108,0.475,0.525,1.0
2025-12-11T01:02:24.459376,0.475,0.525,1.0
2025-12-11T01:02:25.132534,0.475,0.525,1.0
2025-12-11T01:02:25.734646,0.48,0.52,1.0
2025-12-11T01:02:26.340812,0.475,0.525,1.0
2025-12-11T01:02:26.944741,0.475,0.525,1.0
2025-12-11T01:02:27.541446,0.485,0.515,1.0
2025-12-11T01:02:28.150144,0.52,0.48,1.0
2025-12-11T01:02:28.754725,0.52,0.48,1.0
2025-12-11T01:02:29.367936,0.525,0.475,1.0
2025-12-11T01:02:29.965952,0.525,0.475,1.0
2025-12-11T01:02:30.568661,0.52,0.48,1.0
2025-12-11T01:02:31.193860,0.525,0.475,1.0
2025-12-11T01:02:31.805313,0.54,0.46,1.0
2025-12-11T01:02:32.426820,0.56,0.44,1.0
2025-12-11T01:02:33.030190,0.565,0.435,1.0
2025-12-11T01:02:33.630690,0.56,0.44,1.0
2025-12-11T01:02:34.235594,0.56,0.44,1.0
2025-12-11T01:02:34.843308,0.56,0.44,1.0
2025-12-11T01:02:35.446673,0.565,0.435,1.0
2025-12-11T01:02:36.050007,0.56,0.44,1.0
2025-12-11T01:02:36.652288,0.555,0.445,1.0
2025-12-11T01:02:37.252233,0.555,0.445,1.0
2025-12-11T01:02:37.877204,0.56,0.435,0.9950000000000001
2025-12-11T01:02:38.484613,0.57,0.43,1.0
2025-12-11T01:02:39.112695,0.575,0.425,1.0
2025-12-11T01:02:39.722223,0.575,0.425,1.0
2025-12-11T01:02:38.802335,0.57,0.43,1.0
2025-12-11T01:02:39.407334,0.565,0.435,1.0
2025-12-11T01:02:39.998111,0.565,0.435,1.0
2025-12-11T01:02:40.606684,0.565,0.435,1.0
2025-12-11T01:02:41.214892,0.565,0.435,1.0
2025-12-11T01:02:41.823346,0.575,0.435,1.01
2025-12-11T01:02:42.427055,0.575,0.425,1.0
2025-12-11T01:02:43.026729,0.575,0.425,1.0
2025-12-11T01:02:43.631165,0.575,0.425,1.0
2025-12-11T01:02:44.232964,0.57,0.43,1.0
2025-12-11T01:02:44.836306,0.575,0.425,1.0
2025-12-11T01:02:45.440473,0.575,0.425,1.0
2025-12-11T01:02:46.044124,0.565,0.43,0.9949999999999999
2025-12-11T01:02:46.648662,0.57,0.425,0.9949999999999999
2025-12-11T01:02:47.258797,0.57,0.43,1.0
2025-12-11T01:02:47.871709,0.575,0.425,1.0
2025-12-11T01:02:48.473634,0.575,0.425,1.0
2025-12-11T01:02:49.077345,0.575,0.425,1.0
2025-12-11T01:02:49.710412,0.575,0.425,1.0
2025-12-11T01:02:50.316549,0.575,0.425,1.0
2025-12-11T01:02:50.922345,0.575,0.425,1.0
2025-12-11T01:02:51.530182,0.575,0.425,1.0
2025-12-11T01:02:52.135782,0.585,0.415,1.0
2025-12-11T01:02:52.732917,0.575,0.425,1.0
2025-12-11T01:02:53.330406,0.575,0.425,1.0
2025-12-11T01:02:53.937731,0.575,0.425,1.0
2025-12-11T01:02:54.544298,0.575,0.425,1.0
2025-12-11T01:02:55.159614,0.595,0.405,1.0
2025-12-11T01:02:55.769427,0.595,0.405,1.0
2025-12-11T01:02:56.381498,0.595,0.405,1.0
2025-12-11T01:02:56.997494,0.595,0.405,1.0
2025-12-11T01:02:57.600554,0.625,0.375,1.0
2025-12-11T01:02:58.229836,0.62,0.38,1.0
2025-12-11T01:02:58.829008,0.615,0.385,1.0
2025-12-11T01:02:59.433537,0.615,0.385,1.0
2025-12-11T01:03:00.048148,0.61,0.395,1.005
2025-12-11T01:03:00.674629,0.605,0.395,1.0
2025-12-11T01:03:01.277949,0.59,0.41,1.0
2025-12-11T01:03:01.875263,0.585,0.415,1.0
2025-12-11T01:03:02.476653,0.59,0.41,1.0
2025-12-11T01:03:03.079441,0.59,0.41,1.0
2025-12-11T01:03:03.684782,0.585,0.415,1.0
2025-12-11T01:03:04.291539,0.59,0.41,1.0
2025-12-11T01:03:04.894628,0.59,0.41,1.0
2025-12-11T01:03:05.526243,0.59,0.41,1.0
2025-12-11T01:03:06.136055,0.6,0.4,1.0
2025-12-11T01:03:06.736069,0.6,0.4,1.0
2025-12-11T01:03:07.345559,0.6,0.4,1.0
2025-12-11T01:03:07.967041,0.6,0.4,1.0
2025-12-11T01:03:08.569108,0.605,0.395,1.0
2025-12-11T01:03:09.168313,0.605,0.395,1.0
2025-12-11T01:03:09.774759,0.605,0.395,1.0
2025-12-11T01:03:10.383014,0.605,0.395,1.0
2025-12-11T01:03:09.467098,0.605,0.395,1.0
2025-12-11T01:03:10.074128,0.605,0.395,1.0
2025-12-11T01:03:10.678724,0.605,0.395,1.0
2025-12-11T01:03:11.302088,0.59,0.415,1.005
2025-12-11T01:03:11.906368,0.575,0.425,1.0
2025-12-11T01:03:12.518506,0.575,0.425,1.0
2025-12-11T01:03:13.122826,0.585,0.415,1.0
2025-12-11T01:03:13.731088,0.58,0.42,1.0
2025-12-11T01:03:14.329403,0.58,0.42,1.0
2025-12-11T01:03:14.936117,0.585,0.415,1.0
2025-12-11T01:03:15.547908,0.585,0.41,0.9949999999999999
2025-12-11T01:03:16.152769,0.585,0.415,1.0
2025-12-11T01:03:16.745872,0.585,0.415,1.0
2025-12-11T01:03:17.370784,0.56,0.44,1.0
2025-12-11T01:03:17.971279,0.555,0.445,1.0
2025-12-11T01:03:18.581001,0.575,0.425,1.0
2025-12-11T01:03:19.187172,0.58,0.415,0.9949999999999999
2025-12-11T01:03:19.789449,0.61,0.39,1.0
2025-12-11T01:03:20.390695,0.615,0.385,1.0
2025-12-11T01:03:20.995649,0.625,0.375,1.0
2025-12-11T01:03:21.601074,0.625,0.375,1.0
2025-12-11T01:03:22.212563,0.625,0.375,1.0
2025-12-11T01:03:22.810894,0.625,0.375,1.0
2025-12-11T01:03:23.406521,0.625,0.375,1.0
2025-12-11T01:03:24.007213,0.62,0.38,1.0
2025-12-11T01:03:24.612559,0.625,0.375,1.0
2025-12-11T01:03:25.218101,0.635,0.365,1.0
2025-12-11T01:03:25.822067,0.625,0.375,1.0
2025-12-11T01:03:26.442561,0.625,0.375,1.0
2025-12-11T01:03:27.049308,0.625,0.375,1.0
2025-12-11T01:03:27.655096,0.63,0.37,1.0
2025-12-11T01:03:28.263872,0.63,0.37,1.0
2025-12-11T01:03:28.864536,0.635,0.365,1.0
2025-12-11T01:03:29.472459,0.645,0.355,1.0
2025-12-11T01:03:30.082716,0.64,0.36,1.0
2025-12-11T01:03:30.685297,0.635,0.365,1.0
2025-12-11T01:03:31.286527,0.635,0.365,1.0
2025-12-11T01:03:31.902497,0.64,0.36,1.0
2025-12-11T01:03:32.511620,0.65,0.35,1.0
2025-12-11T01:03:33.118280,0.645,0.355,1.0
2025-12-11T01:03:33.725719,0.645,0.355,1.0
2025-12-11T01:03:34.325741,0.645,0.355,1.0
2025-12-11T01:03:34.941194,0.645,0.355,1.0
2025-12-11T01:03:35.572352,0.645,0.355,1.0
2025-12-11T01:03:36.179770,0.65,0.35,1.0
2025-12-11T01:03:36.772383,0.65,0.35,1.0
2025-12-11T01:03:37.376859,0.655,0.345,1.0
2025-12-11T01:03:37.982656,0.665,0.335,1.0
2025-12-11T01:03:38.586741,0.665,0.325,0.99
2025-12-11T01:03:39.185650,0.675,0.325,1.0
2025-12-11T01:03:39.797181,0.67,0.33,1.0
2025-12-11T01:03:40.403692,0.67,0.33,1.0
2025-12-11T01:03:41.016556,0.665,0.335,1.0
2025-12-11T01:03:41.616102,0.66,0.34,1.0
2025-12-11T01:03:40.688597,0.655,0.345,1.0
2025-12-11T01:03:41.294364,0.645,0.355,1.0
2025-12-11T01:03:41.897115,0.65,0.35,1.0
2025-12-11T01:03:42.512049,0.655,0.345,1.0
2025-12-11T01:03:43.116398,0.655,0.345,1.0
2025-12-11T01:03:43.723072,0.665,0.34,1.0050000000000001
2025-12-11T01:03:44.338092,0.67,0.335,1.0050000000000001
2025-12-11T01:03:44.945381,0.66,0.345,1.005
2025-12-11T01:03:45.547050,0.655,0.345,1.0
2025-12-11T01:03:46.156429,0.645,0.355,1.0
2025-12-11T01:03:46.765549,0.65,0.35,1.0
2025-12-11T01:03:47.378326,0.65,0.35,1.0
2025-12-11T01:03:47.982603,0.64,0.36,1.0
2025-12-11T01:03:48.610300,0.645,0.355,1.0
2025-12-11T01:03:49.379500,0.65,0.35,1.0
2025-12-11T01:03:49.988650,0.655,0.345,1.0
2025-12-11T01:03:50.601668,0.645,0.355,1.0
2025-12-11T01:03:51.210662,0.65,0.35,1.0
2025-12-11T01:03:51.833691,0.645,0.355,1.0
2025-12-11T01:03:52.478337,0.645,0.355,1.0
2025-12-11T01:03:53.085961,0.655,0.345,1.0
2025-12-11T01:03:53.707816,0.655,0.345,1.0
2025-12-11T01:03:54.324070,0.65,0.35,1.0
2025-12-11T01:03:54.942308,0.66,0.34,1.0
2025-12-11T01:03:55.556470,0.645,0.355,1.0
2025-12-11T01:03:56.153685,0.655,0.345,1.0
2025-12-11T01:03:56.765782,0.655,0.345,1.0
2025-12-11T01:03:57.374504,0.65,0.35,1.0
2025-12-11T01:03:57.982846,0.655,0.345,1.0
2025-12-11T01:03:58.595278,0.655,0.345,1.0
2025-12-11T01:03:59.203092,0.645,0.355,1.0
2025-12-11T01:03:59.797173,0.655,0.345,1.0
2025-12-11T01:04:00.398418,0.645,0.355,1.0
2025-12-11T01:04:01.013191,0.66,0.34,1.0
2025-12-11T01:04:01.625558,0.66,0.34,1.0
2025-12-11T01:04:02.242041,0.645,0.355,1.0
2025-12-11T01:04:02.837222,0.645,0.355,1.0
2025-12-11T01:04:03.450685,0.645,0.355,1.0
2025-12-11T01:04:04.065151,0.645,0.355,1.0
2025-12-11T01:04:04.685459,0.645,0.355,1.0
2025-12-11T01:04:05.280790,0.645,0.355,1.0
2025-12-11T01:04:05.876497,0.645,0.355,1.0
2025-12-11T01:04:06.474569,0.635,0.365,1.0
2025-12-11T01:04:07.087465,0.625,0.375,1.0
2025-12-11T01:04:07.704352,0.605,0.395,1.0
2025-12-11T01:04:08.331239,0.585,0.415,1.0
2025-12-11T01:04:08.931452,0.585,0.425,1.01
2025-12-11T01:04:09.543367,0.575,0.42,0.9949999999999999
2025-12-11T01:04:10.155959,0.585,0.415,1.0
2025-12-11T01:04:10.766939,0.565,0.435,1.0
2025-12-11T01:04:11.374160,0.555,0.44,0.9950000000000001
2025-12-11T01:04:11.975613,0.565,0.435,1.0
2025-12-11T01:04:11.037503,0.535,0.465,1.0
2025-12-11T01:04:11.641726,0.535,0.465,1.0
2025-12-11T01:04:12.248294,0.535,0.465,1.0
2025-12-11T01:04:12.879182,0.535,0.465,1.0
2025-12-11T01:04:13.487266,0.535,0.465,1.0
2025-12-11T01:04:14.092048,0.535,0.465,1.0
2025-12-11T01:04:14.696459,0.535,0.465,1.0
2025-12-11T01:04:15.294023,0.535,0.465,1.0
2025-12-11T01:04:15.890182,0.535,0.465,1.0
2025-12-11T01:04:16.492730,0.535,0.465,1.0
2025-12-11T01:04:17.101165,0.525,0.475,1.0
2025-12-11T01:04:17.732037,0.525,0.475,1.0
2025-12-11T01:04:18.339272,0.515,0.485,1.0
2025-12-11T01:04:18.946202,0.51,0.49,1.0
2025-12-11T01:04:19.547029,0.525,0.47,0.995
2025-12-11T01:04:20.151590,0.525,0.475,1.0
2025-12-11T01:04:20.758992,0.515,0.485,1.0
2025-12-11T01:04:21.369553,0.515,0.485,1.0
2025-12-11T01:04:21.976641,0.515,0.485,1.0
2025-12-11T01:04:22.583128,0.505,0.505,1.01
2025-12-11T01:04:23.203956,0.495,0.505,1.0
2025-12-11T01:04:23.884534,0.495,0.5,0.995
2025-12-11T01:04:24.484186,0.505,0.495,1.0
2025-12-11T01:04:25.097338,0.485,0.515,1.0
2025-12-11T01:04:25.697616,0.5,0.5,1.0
2025-12-11T01:04:26.311811,0.5,0.495,0.995
2025-12-11T01:04:26.919164,0.505,0.495,1.0
2025-12-11T01:04:27.529312,0.505,0.495,1.0
2025-12-11T01:04:28.142487,0.53,0.47,1.0
2025-12-11T01:04:28.748185,0.545,0.455,1.0
2025-12-11T01:04:29.365108,0.535,0.465,1.0
2025-12-11T01:04:29.981058,0.525,0.475,1.0
2025-12-11T01:04:30.593827,0.5,0.505,1.005
2025-12-11T01:04:31.209038,0.485,0.515,1.0
2025-12-11T01:04:31.807823,0.475,0.525,1.0
2025-12-11T01:04:32.412931,0.475,0.525,1.0
2025-12-11T01:04:33.023900,0.465,0.535,1.0
2025-12-11T01:04:33.630577,0.465,0.535,1.0
2025-12-11T01:04:34.237619,0.455,0.545,1.0
2025-12-11T01:04:34.886220,0.455,0.545,1.0
2025-12-11T01:04:35.480805,0.445,0.555,1.0
2025-12-11T01:04:36.096231,0.445,0.555,1.0
2025-12-11T01:04:36.703705,0.44,0.56,1.0
2025-12-11T01:04:37.316195,0.445,0.555,1.0
2025-12-11T01:04:37.923072,0.445,0.555,1.0
2025-12-11T01:04:38.522596,0.445,0.555,1.0
2025-12-11T01:04:39.125132,0.445,0.555,1.0
2025-12-11T01:04:39.742036,0.445,0.555,1.0
2025-12-11T01:04:40.337000,0.445,0.555,1.0
2025-12-11T01:04:40.953228,0.455,0.545,1.0
2025-12-11T01:04:41.553896,0.465,0.535,1.0
2025-12-11T01:04:42.158786,0.465,0.535,1.0
2025-12-11T01:04:42.766140,0.475,0.525,1.0
2025-12-11T01:04:41.837264,0.465,0.535,1.0
2025-12-11T01:04:42.449881,0.465,0.535,1.0
2025-12-11T01:04:43.050689,0.465,0.535,1.0
2025-12-11T01:04:43.684109,0.465,0.535,1.0
2025-12-11T01:04:44.294081,0.465,0.535,1.0
2025-12-11T01:04:44.890704,0.455,0.545,1.0
2025-12-11T01:04:45.497767,0.455,0.545,1.0
2025-12-11T01:04:46.105780,0.465,0.535,1.0
2025-12-11T01:04:46.714996,0.46,0.54,1.0
2025-12-11T01:04:47.323433,0.445,0.555,1.0
2025-12-11T01:04:47.930714,0.445,0.555,1.0
2025-12-11T01:04:48.535027,0.455,0.545,1.0
2025-12-11T01:04:49.136880,0.455,0.545,1.0
2025-12-11T01:04:49.734624,0.455,0.545,1.0
2025-12-11T01:04:50.337853,0.465,0.535,1.0
2025-12-11T01:04:50.938513,0.465,0.535,1.0
2025-12-11T01:04:51.537412,0.465,0.535,1.0
2025-12-11T01:04:52.139592,0.465,0.535,1.0
2025-12-11T01:04:52.743009,0.485,0.515,1.0
2025-12-11T01:04:53.357518,0.485,0.515,1.0
2025-12-11T01:04:53.957617,0.485,0.515,1.0
2025-12-11T01:04:54.566033,0.485,0.515,1.0
2025-12-11T01:04:55.182553,0.485,0.515,1.0
2025-12-11T01:04:55.791250,0.495,0.505,1.0
2025-12-11T01:04:56.396378,0.495,0.505,1.0
2025-12-11T01:04:56.995674,0.495,0.505,1.0
2025-12-11T01:04:57.596564,0.495,0.505,1.0
2025-12-11T01:04:58.194676,0.495,0.505,1.0
2025-12-11T01:04:58.810689,0.495,0.505,1.0
2025-12-11T01:04:59.422121,0.5,0.5,1.0
2025-12-11T01:05:00.023856,0.505,0.495,1.0
2025-12-11T01:05:00.635640,0.505,0.495,1.0
2025-12-11T01:05:01.244893,0.505,0.495,1.0
2025-12-11T01:05:01.847871,0.505,0.495,1.0
2025-12-11T01:05:02.461706,0.505,0.495,1.0
2025-12-11T01:05:03.064335,0.515,0.485,1.0
2025-12-11T01:05:03.667268,0.535,0.465,1.0
2025-12-11T01:05:04.267067,0.535,0.465,1.0
2025-12-11T01:05:04.870329,0.525,0.475,1.0
2025-12-11T01:05:05.475403,0.515,0.485,1.0
2025-12-11T01:05:06.072920,0.5,0.5,1.0
2025-12-11T01:05:06.680151,0.5,0.495,0.995
2025-12-11T01:05:07.289273,0.495,0.505,1.0
2025-12-11T01:05:07.882975,0.485,0.515,1.0
2025-12-11T01:05:08.489748,0.495,0.505,1.0
2025-12-11T01:05:09.099591,0.505,0.495,1.0
2025-12-11T01:05:09.707366,0.51,0.49,1.0
2025-12-11T01:05:10.306946,0.495,0.505,1.0
2025-12-11T01:05:10.909318,0.505,0.495,1.0
2025-12-11T01:05:11.507826,0.505,0.495,1.0
2025-12-11T01:05:12.104272,0.5,0.5,1.0
2025-12-11T01:05:12.704451,0.5,0.5,1.0
2025-12-11T01:05:13.300359,0.5,0.5,1.0
2025-12-11T01:05:12.349728,0.5,0.5,1.0
2025-12-11T01:05:12.975782,0.5,0.5,1.0
2025-12-11T01:05:13.596492,0.5,0.5,1.0
2025-12-11T01:05:14.199744,0.5,0.5,1.0
2025-12-11T01:05:14.804145,0.5,0.5,1.0
2025-12-11T01:05:15.401875,0.5,0.5,1.0
2025-12-11T01:05:16.017485,0.485,0.515,1.0
2025-12-11T01:05:16.621131,0.475,0.525,1.0
2025-12-11T01:05:17.295326,0.465,0.535,1.0
2025-12-11T01:05:17.897108,0.46,0.54,1.0
2025-12-11T01:05:18.503370,0.455,0.545,1.0
2025-12-11T01:05:19.128582,0.445,0.555,1.0
2025-12-11T01:05:19.739532,0.445,0.555,1.0
2025-12-11T01:05:20.347062,0.45,0.555,1.0050000000000001
2025-12-11T01:05:20.945274,0.455,0.545,1.0
2025-12-11T01:05:21.540015,0.465,0.535,1.0
2025-12-11T01:05:22.171590,0.465,0.535,1.0
2025-12-11T01:05:22.793430,0.465,0.535,1.0
2025-12-11T01:05:23.405650,0.465,0.535,1.0
2025-12-11T01:05:24.014389,0.46,0.54,1.0
2025-12-11T01:05:24.617788,0.465,0.535,1.0
2025-12-11T01:05:25.210422,0.465,0.535,1.0
2025-12-11T01:05:25.810817,0.465,0.535,1.0
2025-12-11T01:05:26.418053,0.465,0.535,1.0
2025-12-11T01:05:27.026674,0.465,0.535,1.0
2025-12-11T01:05:27.633071,0.465,0.535,1.0
2025-12-11T01:05:28.236083,0.475,0.525,1.0
2025-12-11T01:05:28.866224,0.455,0.545,1.0
2025-12-11T01:05:29.470738,0.455,0.545,1.0
2025-12-11T01:05:30.073545,0.455,0.545,1.0
2025-12-11T01:05:30.670270,0.455,0.545,1.0
2025-12-11T01:05:31.303102,0.45,0.55,1.0
2025-12-11T01:05:31.904839,0.445,0.55,0.9950000000000001
2025-12-11T01:05:32.510760,0.445,0.555,1.0
2025-12-11T01:05:33.113117,0.445,0.555,1.0
2025-12-11T01:05:33.723564,0.515,0.485,1.0
2025-12-11T01:05:34.336820,0.545,0.455,1.0
2025-12-11T01:05:34.961169,0.54,0.46,1.0
2025-12-11T01:05:35.561488,0.545,0.455,1.0
2025-12-11T01:05:36.162074,0.55,0.45,1.0
2025-12-11T01:05:36.771274,0.535,0.465,1.0
2025-12-11T01:05:37.376586,0.545,0.455,1.0
2025-12-11T01:05:37.999528,0.545,0.455,1.0
2025-12-11T01:05:38.620918,0.515,0.485,1.0
2025-12-11T01:05:39.222357,0.535,0.465,1.0
2025-12-11T01:05:39.830558,0.54,0.46,1.0
2025-12-11T01:05:40.428842,0.545,0.455,1.0
2025-12-11T01:05:41.032170,0.545,0.455,1.0
2025-12-11T01:05:41.639751,0.545,0.455,1.0
2025-12-11T01:05:42.244048,0.545,0.455,1.0
2025-12-11T01:05:42.846621,0.55,0.445,0.9950000000000001
2025-12-11T01:05:43.477298,0.545,0.455,1.0
2025-12-11T01:05:44.083762,0.545,0.455,1.0
2025-12-11T01:05:43.167064,0.54,0.46,1.0
2025-12-11T01:05:43.767777,0.54,0.46,1.0
2025-12-11T01:05:44.373040,0.535,0.465,1.0
2025-12-11T01:05:44.971720,0.525,0.475,1.0
2025-12-11T01:05:45.582560,0.525,0.475,1.0
2025-12-11T01:05:46.184504,0.525,0.475,1.0
2025-12-11T01:05:46.794512,0.525,0.475,1.0
2025-12-11T01:05:47.396157,0.515,0.485,1.0
2025-12-11T01:05:47.997908,0.515,0.485,1.0
2025-12-11T01:05:48.601039,0.515,0.485,1.0
2025-12-11T01:05:49.202581,0.515,0.485,1.0
2025-12-11T01:05:49.834552,0.515,0.485,1.0
2025-12-11T01:05:50.481004,0.515,0.485,1.0
2025-12-11T01:05:51.104257,0.525,0.475,1.0
2025-12-11T01:05:51.728190,0.525,0.475,1.0
2025-12-11T01:05:52.332450,0.525,0.475,1.0
2025-12-11T01:05:52.935552,0.525,0.475,1.0
2025-12-11T01:05:53.550943,0.525,0.475,1.0
2025-12-11T01:05:54.160028,0.525,0.475,1.0
2025-12-11T01:05:54.782765,0.525,0.475,1.0
2025-12-11T01:05:55.386944,0.525,0.475,1.0
2025-12-11T01:05:56.002997,0.535,0.465,1.0
2025-12-11T01:05:56.611281,0.535,0.465,1.0
2025-12-11T01:05:57.218600,0.545,0.455,1.0
2025-12-11T01:05:57.829932,0.555,0.445,1.0
2025-12-11T01:05:58.433343,0.565,0.435,1.0
2025-12-11T01:05:59.037102,0.595,0.405,1.0
2025-12-11T01:05:59.646902,0.595,0.405,1.0
2025-12-11T01:06:00.252646,0.585,0.41,0.9949999999999999
2025-12-11T01:06:00.869438,0.595,0.405,1.0
2025-12-11T01:06:01.491060,0.605,0.395,1.0
2025-12-11T01:06:02.109931,0.615,0.385,1.0
2025-12-11T01:06:02.710882,0.635,0.365,1.0
2025-12-11T01:06:03.322588,0.645,0.355,1.0
2025-12-11T01:06:03.926335,0.645,0.35,0.995
2025-12-11T01:06:04.536283,0.655,0.345,1.0
2025-12-11T01:06:05.207284,0.675,0.325,1.0
2025-12-11T01:06:05.808472,0.675,0.32,0.9950000000000001
2025-12-11T01:06:06.418775,0.685,0.315,1.0
2025-12-11T01:06:07.035544,0.685,0.315,1.0
2025-12-11T01:06:07.636728,0.69,0.31,1.0
2025-12-11T01:06:08.255322,0.695,0.305,1.0
2025-12-11T01:06:08.880435,0.69,0.31,1.0
2025-12-11T01:06:09.530939,0.68,0.32,1.0
2025-12-11T01:06:10.145893,0.69,0.31,1.0
2025-12-11T01:06:10.742998,0.695,0.305,1.0
2025-12-11T01:06:11.358516,0.69,0.295,0.9849999999999999
2025-12-11T01:06:11.975917,0.695,0.3,0.9949999999999999
2025-12-11T01:06:12.588043,0.7,0.3,1.0
2025-12-11T01:06:13.200269,0.715,0.285,1.0
2025-12-11T01:06:13.809167,0.71,0.29,1.0
2025-12-11T01:06:14.419589,0.705,0.295,1.0
2025-12-11T01:06:15.035395,0.725,0.275,1.0
2025-12-11T01:06:14.132021,0.71,0.29,1.0
2025-12-11T01:06:14.749809,0.715,0.285,1.0
2025-12-11T01:06:15.359755,0.725,0.275,1.0
2025-12-11T01:06:15.963613,0.72,0.28,1.0
2025-12-11T01:06:16.573156,0.71,0.29,1.0
2025-12-11T01:06:17.187401,0.735,0.265,1.0
2025-12-11T01:06:17.794901,0.725,0.28,1.005
2025-12-11T01:06:18.402953,0.715,0.285,1.0
2025-12-11T01:06:19.010251,0.715,0.285,1.0
2025-12-11T01:06:19.634318,0.715,0.285,1.0
2025-12-11T01:06:20.231283,0.715,0.285,1.0
2025-12-11T01:06:20.848580,0.715,0.285,1.0
2025-12-11T01:06:21.461131,0.705,0.295,1.0
2025-12-11T01:06:22.069410,0.715,0.285,1.0
2025-12-11T01:06:22.686162,0.715,0.285,1.0
2025-12-11T01:06:23.294203,0.715,0.285,1.0
2025-12-11T01:06:23.895519,0.715,0.285,1.0
2025-12-11T01:06:24.504372,0.715,0.285,1.0
2025-12-11T01:06:25.116993,0.715,0.285,1.0
2025-12-11T01:06:25.730513,0.715,0.285,1.0
2025-12-11T01:06:26.342014,0.715,0.285,1.0
2025-12-11T01:06:26.951982,0.715,0.285,1.0
2025-12-11T01:06:27.585266,0.71,0.29,1.0
2025-12-11T01:06:28.199291,0.71,0.29,1.0
2025-12-11T01:06:28.814792,0.72,0.28,1.0
2025-12-11T01:06:29.419562,0.705,0.295,1.0
2025-12-11T01:06:30.044599,0.655,0.345,1.0
2025-12-11T01:06:30.654436,0.645,0.36,1.005
2025-12-11T01:06:31.275645,0.64,0.35,0.99
2025-12-11T01:06:31.904190,0.625,0.375,1.0
2025-12-11T01:06:32.517476,0.625,0.375,1.0
2025-12-11T01:06:33.129890,0.615,0.385,1.0
2025-12-11T01:06:33.730514,0.615,0.385,1.0
2025-12-11T01:06:34.336429,0.615,0.385,1.0
2025-12-11T01:06:34.948278,0.615,0.385,1.0
2025-12-11T01:06:35.556766,0.615,0.385,1.0
2025-12-11T01:06:36.158210,0.615,0.385,1.0
2025-12-11T01:06:36.762490,0.625,0.375,1.0
2025-12-11T01:06:37.380466,0.625,0.375,1.0
2025-12-11T01:06:37.983224,0.625,0.375,1.0
2025-12-11T01:06:38.594722,0.635,0.365,1.0
2025-12-11T01:06:39.196571,0.635,0.365,1.0
2025-12-11T01:06:39.807095,0.645,0.355,1.0
2025-12-11T01:06:40.412860,0.655,0.345,1.0
2025-12-11T01:06:41.023339,0.645,0.355,1.0
2025-12-11T01:06:41.637149,0.655,0.345,1.0
2025-12-11T01:06:42.250163,0.655,0.345,1.0
2025-12-11T01:06:42.865403,0.675,0.325,1.0
2025-12-11T01:06:43.471950,0.675,0.325,1.0
2025-12-11T01:06:44.082644,0.675,0.325,1.0
2025-12-11T01:06:44.691228,0.685,0.315,1.0
2025-12-11T01:06:45.285405,0.685,0.315,1.0
2025-12-11T01:06:45.897501,0.69,0.31,1.0
2025-12-11T01:06:44.988423,0.695,0.305,1.0
2025-12-11T01:06:45.608943,0.695,0.305,1.0
2025-12-11T01:06:46.224797,0.695,0.305,1.0
2025-12-11T01:06:46.845599,0.695,0.305,1.0
2025-12-11T01:06:47.453460,0.705,0.295,1.0
2025-12-11T01:06:48.062494,0.705,0.295,1.0
2025-12-11T01:06:48.662306,0.715,0.285,1.0
2025-12-11T01:06:49.277219,0.715,0.285,1.0
2025-12-11T01:06:49.887025,0.715,0.285,1.0
2025-12-11T01:06:50.489191,0.71,0.29,1.0
2025-12-11T01:06:51.094350,0.71,0.29,1.0
2025-12-11T01:06:51.708210,0.71,0.29,1.0
2025-12-11T01:06:52.310854,0.71,0.29,1.0
2025-12-11T01:06:52.929058,0.705,0.31,1.015
2025-12-11T01:06:53.538907,0.695,0.305,1.0
2025-12-11T01:06:54.131806,0.695,0.305,1.0
2025-12-11T01:06:54.747498,0.695,0.305,1.0
2025-12-11T01:06:55.359544,0.695,0.305,1.0
2025-12-11T01:06:55.980720,0.695,0.305,1.0
2025-12-11T01:06:56.599128,0.71,0.29,1.0
2025-12-11T01:06:57.211992,0.71,0.29,1.0
2025-12-11T01:06:57.828084,0.715,0.285,1.0
2025-12-11T01:06:58.434006,0.725,0.275,1.0
2025-12-11T01:06:59.070110,0.72,0.285,1.005
2025-12-11T01:06:59.680336,0.715,0.285,1.0
2025-12-11T01:07:00.283660,0.72,0.28,1.0
2025-12-11T01:07:00.896398,0.72,0.28,1.0
2025-12-11T01:07:01.526490,0.715,0.285,1.0
2025-12-11T01:07:02.139271,0.715,0.285,1.0
2025-12-11T01:07:02.744053,0.725,0.275,1.0
2025-12-11T01:07:03.361577,0.73,0.27,1.0
2025-12-11T01:07:03.972223,0.73,0.27,1.0
2025-12-11T01:07:04.571338,0.73,0.27,1.0
2025-12-11T01:07:05.169129,0.725,0.275,1.0
2025-12-11T01:07:05.783489,0.725,0.275,1.0
2025-12-11T01:07:06.391872,0.725,0.28,1.005
2025-12-11T01:07:07.008495,0.71,0.29,1.0
2025-12-11T01:07:07.612461,0.71,0.29,1.0
2025-12-11T01:07:08.230913,0.71,0.29,1.0
2025-12-11T01:07:08.828753,0.71,0.29,1.0
2025-12-11T01:07:09.431830,0.71,0.29,1.0
2025-12-11T01:07:10.027284,0.705,0.295,1.0
2025-12-11T01:07:10.639798,0.715,0.29,1.005
2025-12-11T01:07:11.253939,0.695,0.305,1.0
2025-12-11T01:07:11.885415,0.7,0.3,1.0
2025-12-11T01:07:12.492015,0.705,0.295,1.0
2025-12-11T01:07:13.097843,0.695,0.305,1.0
2025-12-11T01:07:13.693404,0.695,0.305,1.0
2025-12-11T01:07:14.305213,0.695,0.305,1.0
2025-12-11T01:07:14.913075,0.67,0.33,1.0
2025-12-11T01:07:15.562365,0.65,0.35,1.0
2025-12-11T01:07:16.184983,0.645,0.355,1.0
2025-12-11T01:07:15.270905,0.635,0.365,1.0
2025-12-11T01:07:15.883170,0.635,0.365,1.0
2025-12-11T01:07:16.507715,0.625,0.375,1.0
2025-12-11T01:07:17.120040,0.615,0.385,1.0
2025-12-11T01:07:17.721646,0.615,0.385,1.0
2025-12-11T01:07:18.334760,0.615,0.385,1.0
2025-12-11T01:07:18.934931,0.615,0.385,1.0
2025-12-11T01:07:19.547679,0.615,0.385,1.0
2025-12-11T01:07:20.147693,0.615,0.385,1.0
2025-12-11T01:07:20.762036,0.615,0.385,1.0
2025-12-11T01:07:21.441020,0.635,0.375,1.01
2025-12-11T01:07:22.045819,0.63,0.37,1.0
2025-12-11T01:07:22.642922,0.64,0.36,1.0
2025-12-11T01:07:23.246802,0.64,0.36,1.0
2025-12-11T01:07:23.843107,0.64,0.36,1.0
2025-12-11T01:07:24.440308,0.635,0.365,1.0
2025-12-11T01:07:25.047830,0.64,0.36,1.0
2025-12-11T01:07:25.670871,0.645,0.355,1.0
2025-12-11T01:07:26.281812,0.645,0.355,1.0
2025-12-11T01:07:26.883463,0.645,0.355,1.0
2025-12-11T01:07:27.483951,0.645,0.355,1.0
2025-12-11T01:07:28.078482,0.655,0.345,1.0
2025-12-11T01:07:28.673064,0.645,0.355,1.0
2025-12-11T01:07:29.285002,0.64,0.36,1.0
2025-12-11T01:07:29.912200,0.64,0.36,1.0
2025-12-11T01:07:30.522489,0.64,0.36,1.0
2025-12-11T01:07:31.126305,0.64,0.36,1.0
2025-12-11T01:07:31.732330,0.64,0.36,1.0
2025-12-11T01:07:32.339588,0.635,0.365,1.0
2025-12-11T01:07:32.953320,0.635,0.365,1.0
2025-12-11T01:07:33.567587,0.635,0.365,1.0
2025-12-11T01:07:34.173751,0.635,0.365,1.0
2025-12-11T01:07:34.778930,0.635,0.365,1.0
2025-12-11T01:07:35.394117,0.64,0.36,1.0
2025-12-11T01:07:36.013302,0.64,0.36,1.0
2025-12-11T01:07:36.628853,0.64,0.36,1.0
2025-12-11T01:07:37.241157,0.64,0.36,1.0
2025-12-11T01:07:37.859420,0.64,0.36,1.0
2025-12-11T01:07:38.477068,0.64,0.36,1.0
2025-12-11T01:07:39.090310,0.64,0.36,1.0
2025-12-11T01:07:39.717881,0.63,0.37,1.0
2025-12-11T01:07:40.337142,0.63,0.37,1.0
2025-12-11T01:07:40.957161,0.63,0.37,1.0
2025-12-11T01:07:41.580412,0.63,0.37,1.0
2025-12-11T01:07:42.191971,0.63,0.37,1.0
2025-12-11T01:07:42.806926,0.625,0.375,1.0
2025-12-11T01:07:43.418417,0.615,0.385,1.0
2025-12-11T01:07:44.039297,0.61,0.395,1.005
2025-12-11T01:07:44.654838,0.61,0.39,1.0
2025-12-11T01:07:45.263116,0.615,0.385,1.0
2025-12-11T01:07:45.874209,0.615,0.385,1.0
2025-12-11T01:07:46.493587,0.615,0.385,1.0
2025-12-11T01:07:47.106133,0.605,0.395,1.0
2025-12-11T01:07:46.187912,0.605,0.395,1.0
2025-12-11T01:07:46.801898,0.61,0.39,1.0
2025-12-11T01:07:47.421942,0.61,0.395,1.005
2025-12-11T01:07:48.034559,0.605,0.395,1.0
2025-12-11T01:07:48.645321,0.605,0.395,1.0
2025-12-11T01:07:49.259100,0.605,0.395,1.0
2025-12-11T01:07:49.913343,0.605,0.39,0.995
2025-12-11T01:07:50.526644,0.605,0.395,1.0
2025-12-11T01:07:51.122045,0.605,0.395,1.0
2025-12-11T01:07:51.727620,0.615,0.395,1.01
2025-12-11T01:07:52.335071,0.61,0.39,1.0
2025-12-11T01:07:52.944341,0.61,0.39,1.0
2025-12-11T01:07:53.545138,0.61,0.39,1.0
2025-12-11T01:07:54.152228,0.61,0.39,1.0
2025-12-11T01:07:54.766906,0.61,0.39,1.0
2025-12-11T01:07:55.380855,0.615,0.385,1.0
2025-12-11T01:07:56.001910,0.615,0.385,1.0
2025-12-11T01:07:56.601151,0.62,0.38,1.0
2025-12-11T01:07:57.213431,0.62,0.38,1.0
2025-12-11T01:07:57.816871,0.615,0.385,1.0
2025-12-11T01:07:58.434888,0.605,0.395,1.0
2025-12-11T01:07:59.047898,0.61,0.39,1.0
2025-12-11T01:07:59.649203,0.61,0.39,1.0
2025-12-11T01:08:00.261410,0.615,0.385,1.0
2025-12-11T01:08:00.885088,0.625,0.375,1.0
2025-12-11T01:08:01.540735,0.635,0.365,1.0
2025-12-11T01:08:02.145892,0.635,0.365,1.0
2025-12-11T01:08:02.744448,0.62,0.38,1.0
2025-12-11T01:08:03.355148,0.61,0.395,1.005
2025-12-11T01:08:03.953027,0.605,0.395,1.0
2025-12-11T01:08:04.564777,0.595,0.405,1.0
2025-12-11T01:08:05.174143,0.595,0.405,1.0
2025-12-11T01:08:05.829090,0.605,0.395,1.0
2025-12-11T01:08:06.452928,0.595,0.405,1.0
2025-12-11T01:08:07.065073,0.585,0.41,0.9949999999999999
2025-12-11T01:08:07.690096,0.6,0.4,1.0
2025-12-11T01:08:08.306920,0.61,0.39,1.0
2025-12-11T01:08:08.919032,0.615,0.385,1.0
2025-12-11T01:08:09.531950,0.615,0.385,1.0
2025-12-11T01:08:10.137429,0.615,0.385,1.0
2025-12-11T01:08:10.754394,0.615,0.385,1.0
2025-12-11T01:08:11.355323,0.615,0.385,1.0
2025-12-11T01:08:11.968428,0.615,0.385,1.0
2025-12-11T01:08:12.562899,0.615,0.385,1.0
2025-12-11T01:08:13.176018,0.62,0.38,1.0
2025-12-11T01:08:13.770648,0.62,0.38,1.0
2025-12-11T01:08:14.481352,0.62,0.38,1.0
2025-12-11T01:08:15.092019,0.615,0.385,1.0
2025-12-11T01:08:15.697314,0.595,0.405,1.0
2025-12-11T01:08:16.297222,0.565,0.435,1.0
2025-12-11T01:08:16.907587,0.555,0.445,1.0
2025-12-11T01:08:17.521049,0.545,0.455,1.0
2025-12-11T01:08:18.121987,0.545,0.455,1.0
2025-12-11T01:08:17.188991,0.545,0.455,1.0
2025-12-11T01:08:17.786006,0.545,0.455,1.0
2025-12-11T01:08:18.396997,0.545,0.455,1.0
2025-12-11T01:08:18.993365,0.545,0.465,1.01
2025-12-11T01:08:19.589155,0.535,0.465,1.0
2025-12-11T01:08:20.203759,0.53,0.47,1.0
2025-12-11T01:08:20.803923,0.515,0.485,1.0
2025-12-11T01:08:21.415076,0.525,0.475,1.0
2025-12-11T01:08:22.026420,0.515,0.485,1.0
2025-12-11T01:08:22.637582,0.52,0.48,1.0
2025-12-11T01:08:23.236327,0.515,0.485,1.0
2025-12-11T01:08:23.833063,0.505,0.495,1.0
2025-12-11T01:08:24.434573,0.51,0.485,0.995
2025-12-11T01:08:25.031835,0.515,0.485,1.0
2025-12-11T01:08:25.648201,0.515,0.485,1.0
2025-12-11T01:08:26.246410,0.515,0.49,1.005
2025-12-11T01:08:26.866289,0.515,0.485,1.0
2025-12-11T01:08:27.466889,0.51,0.49,1.0
2025-12-11T01:08:28.071620,0.51,0.49,1.0
2025-12-11T01:08:28.686632,0.51,0.49,1.0
2025-12-11T01:08:29.290994,0.51,0.49,1.0
2025-12-11T01:08:29.903339,0.51,0.49,1.0
2025-12-11T01:08:30.521429,0.515,0.485,1.0
2025-12-11T01:08:31.127961,0.515,0.48,0.995
2025-12-11T01:08:31.728385,0.52,0.48,1.0
2025-12-11T01:08:32.335226,0.525,0.475,1.0
2025-12-11T01:08:32.934613,0.525,0.475,1.0
2025-12-11T01:08:33.536621,0.52,0.48,1.0
2025-12-11T01:08:34.141548,0.535,0.465,1.0
2025-12-11T01:08:34.738373,0.535,0.465,1.0
2025-12-11T01:08:35.349783,0.535,0.46,0.9950000000000001
2025-12-11T01:08:35.951618,0.54,0.46,1.0
2025-12-11T01:08:36.554473,0.535,0.475,1.01
2025-12-11T01:08:37.164681,0.515,0.485,1.0
2025-12-11T01:08:37.765416,0.51,0.49,1.0
2025-12-11T01:08:38.375589,0.505,0.495,1.0
2025-12-11T01:08:38.988815,0.495,0.505,1.0
2025-12-11T01:08:39.596137,0.48,0.52,1.0
2025-12-11T01:08:40.208026,0.475,0.52,0.995
2025-12-11T01:08:40.809528,0.475,0.515,0.99
2025-12-11T01:08:41.432444,0.49,0.51,1.0
2025-12-11T01:08:42.051503,0.49,0.51,1.0
2025-12-11T01:08:42.672369,0.48,0.52,1.0
2025-12-11T01:08:43.297197,0.475,0.525,1.0
2025-12-11T01:08:43.909592,0.465,0.535,1.0
2025-12-11T01:08:44.524972,0.44,0.56,1.0
2025-12-11T01:08:45.138248,0.435,0.565,1.0
2025-12-11T01:08:45.754939,0.425,0.575,1.0
2025-12-11T01:08:46.368068,0.445,0.555,1.0
2025-12-11T01:08:46.988485,0.435,0.565,1.0
2025-12-11T01:08:47.604041,0.445,0.56,1.0050000000000001
2025-12-11T01:08:48.219678,0.425,0.575,1.0
2025-12-11T01:08:48.837851,0.45,0.55,1.0
2025-12-11T01:08:47.937887,0.455,0.545,1.0
2025-12-11T01:08:48.545439,0.455,0.545,1.0
2025-12-11T01:08:49.144833,0.455,0.545,1.0
2025-12-11T01:08:49.763361,0.455,0.545,1.0
2025-12-11T01:08:50.444036,0.42,0.62,1.04
2025-12-11T01:08:51.054412,0.37,0.63,1.0
2025-12-11T01:08:51.663932,0.355,0.645,1.0
2025-12-11T01:08:52.283429,0.355,0.645,1.0
2025-12-11T01:08:52.900628,0.345,0.655,1.0
2025-12-11T01:08:53.520761,0.345,0.655,1.0
2025-12-11T01:08:54.121187,0.345,0.655,1.0
2025-12-11T01:08:54.723372,0.345,0.655,1.0
2025-12-11T01:08:55.337591,0.345,0.655,1.0
2025-12-11T01:08:55.945903,0.345,0.655,1.0
2025-12-11T01:08:56.565070,0.345,0.655,1.0
2025-12-11T01:08:57.171669,0.35,0.65,1.0
2025-12-11T01:08:57.787720,0.335,0.665,1.0
2025-12-11T01:08:58.398558,0.35,0.65,1.0
2025-12-11T01:08:59.007863,0.335,0.665,1.0
2025-12-11T01:08:59.620117,0.345,0.655,1.0
2025-12-11T01:09:00.221076,0.345,0.655,1.0
2025-12-11T01:09:00.828965,0.345,0.655,1.0
2025-12-11T01:09:01.473479,0.355,0.645,1.0
2025-12-11T01:09:02.081207,0.39,0.595,0.985
2025-12-11T01:09:02.702499,0.405,0.595,1.0
2025-12-11T01:09:03.310110,0.405,0.595,1.0
2025-12-11T01:09:03.914016,0.42,0.575,0.9949999999999999
2025-12-11T01:09:04.528094,0.425,0.575,1.0
2025-12-11T01:09:05.144174,0.455,0.545,1.0
2025-12-11T01:09:05.754323,0.545,0.455,1.0
2025-12-11T01:09:06.373047,0.535,0.465,1.0
2025-12-11T01:09:06.978373,0.53,0.47,1.0
2025-12-11T01:09:07.600257,0.535,0.465,1.0
2025-12-11T01:09:08.203468,0.46,0.54,1.0
2025-12-11T01:09:08.811206,0.455,0.545,1.0
2025-12-11T01:09:09.447526,0.5,0.49,0.99
2025-12-11T01:09:10.054374,0.515,0.485,1.0
2025-12-11T01:09:10.659359,0.525,0.475,1.0
2025-12-11T01:09:11.279688,0.525,0.475,1.0
2025-12-11T01:09:11.898065,0.515,0.485,1.0
2025-12-11T01:09:12.517844,0.525,0.48,1.005
2025-12-11T01:09:13.140003,0.515,0.485,1.0
2025-12-11T01:09:13.775145,0.515,0.485,1.0
2025-12-11T01:09:14.383687,0.515,0.485,1.0
2025-12-11T01:09:14.993816,0.515,0.485,1.0
2025-12-11T01:09:15.605760,0.505,0.495,1.0
2025-12-11T01:09:16.219458,0.505,0.495,1.0
2025-12-11T01:09:16.819305,0.515,0.485,1.0
2025-12-11T01:09:17.431159,0.525,0.475,1.0
2025-12-11T01:09:18.039738,0.515,0.485,1.0
2025-12-11T01:09:18.681035,0.515,0.485,1.0
2025-12-11T01:09:19.308126,0.525,0.475,1.0
2025-12-11T01:09:18.383886,0.52,0.48,1.0
2025-12-11T01:09:18.989200,0.525,0.475,1.0
2025-12-11T01:09:19.587066,0.525,0.475,1.0
2025-12-11T01:09:20.201970,0.525,0.475,1.0
2025-12-11T01:09:20.822635,0.525,0.475,1.0
2025-12-11T01:09:21.425649,0.515,0.485,1.0
2025-12-11T01:09:22.031255,0.53,0.47,1.0
2025-12-11T01:09:22.648121,0.505,0.495,1.0
2025-12-11T01:09:23.264234,0.505,0.495,1.0
2025-12-11T01:09:23.867308,0.505,0.495,1.0
2025-12-11T01:09:24.503912,0.485,0.515,1.0
2025-12-11T01:09:25.119554,0.465,0.545,1.01
2025-12-11T01:09:25.736223,0.455,0.545,1.0
2025-12-11T01:09:26.352664,0.455,0.545,1.0
2025-12-11T01:09:26.976461,0.455,0.545,1.0
2025-12-11T01:09:27.588840,0.465,0.535,1.0
2025-12-11T01:09:28.231039,0.435,0.565,1.0
2025-12-11T01:09:28.832461,0.415,0.585,1.0
2025-12-11T01:09:29.448030,0.415,0.585,1.0
2025-12-11T01:09:30.062275,0.415,0.585,1.0
2025-12-11T01:09:30.681543,0.425,0.575,1.0
2025-12-11T01:09:31.275980,0.415,0.585,1.0
2025-12-11T01:09:31.888727,0.415,0.585,1.0
2025-12-11T01:09:32.495144,0.425,0.57,0.9949999999999999
2025-12-11T01:09:33.103313,0.45,0.55,1.0
2025-12-11T01:09:33.725255,0.455,0.545,1.0
2025-12-11T01:09:34.341127,0.46,0.535,0.9950000000000001
2025-12-11T01:09:34.953929,0.475,0.525,1.0
2025-12-11T01:09:35.635677,0.475,0.525,1.0
2025-12-11T01:09:36.249558,0.475,0.525,1.0
2025-12-11T01:09:36.874730,0.44,0.56,1.0
2025-12-11T01:09:37.497804,0.425,0.575,1.0
2025-12-11T01:09:38.115801,0.425,0.575,1.0
2025-12-11T01:09:38.720755,0.415,0.58,0.9949999999999999
2025-12-11T01:09:39.332883,0.415,0.585,1.0
2025-12-11T01:09:39.934872,0.395,0.605,1.0
2025-12-11T01:09:40.555527,0.385,0.615,1.0
2025-12-11T01:09:41.171716,0.385,0.615,1.0
2025-12-11T01:09:41.780489,0.44,0.56,1.0
2025-12-11T01:09:42.397680,0.445,0.555,1.0
2025-12-11T01:09:43.008584,0.455,0.545,1.0
2025-12-11T01:09:43.622754,0.455,0.545,1.0
2025-12-11T01:09:44.230477,0.455,0.545,1.0
2025-12-11T01:09:44.854136,0.455,0.545,1.0
2025-12-11T01:09:45.455347,0.445,0.555,1.0
2025-12-11T01:09:46.078280,0.445,0.555,1.0
2025-12-11T01:09:46.679217,0.435,0.565,1.0
2025-12-11T01:09:47.297811,0.435,0.565,1.0
2025-12-11T01:09:47.897335,0.435,0.565,1.0
2025-12-11T01:09:48.514203,0.435,0.565,1.0
2025-12-11T01:09:49.117426,0.425,0.575,1.0
2025-12-11T01:09:49.737287,0.425,0.575,1.0
2025-12-11T01:09:48.798853,0.43,0.57,1.0
2025-12-11T01:09:49.417495,0.415,0.585,1.0
2025-12-11T01:09:50.035473,0.425,0.575,1.0
2025-12-11T01:09:50.670632,0.425,0.575,1.0
2025-12-11T01:09:51.289259,0.425,0.58,1.005
2025-12-11T01:09:51.902898,0.42,0.58,1.0
2025-12-11T01:09:52.521165,0.415,0.585,1.0
2025-12-11T01:09:53.140192,0.41,0.59,1.0
2025-12-11T01:09:53.754124,0.415,0.585,1.0
2025-12-11T01:09:54.368704,0.415,0.585,1.0
2025-12-11T01:09:54.971780,0.415,0.585,1.0
2025-12-11T01:09:55.583751,0.415,0.585,1.0
2025-12-11T01:09:56.203525,0.415,0.585,1.0
2025-12-11T01:09:56.827997,0.415,0.585,1.0
2025-12-11T01:09:57.445719,0.425,0.575,1.0
2025-12-11T01:09:58.052221,0.425,0.575,1.0
2025-12-11T01:09:58.669076,0.425,0.575,1.0
2025-12-11T01:09:59.279706,0.425,0.575,1.0
2025-12-11T01:09:59.895635,0.425,0.575,1.0
2025-12-11T01:10:00.512104,0.43,0.565,0.9949999999999999
2025-12-11T01:10:01.123732,0.435,0.565,1.0
2025-12-11T01:10:01.768533,0.425,0.585,1.01
2025-12-11T01:10:02.387723,0.405,0.595,1.0
2025-12-11T01:10:02.986202,0.41,0.59,1.0
2025-12-11T01:10:03.597867,0.405,0.595,1.0
2025-12-11T01:10:04.213513,0.405,0.595,1.0
2025-12-11T01:10:04.828795,0.405,0.595,1.0
2025-12-11T01:10:05.449443,0.4,0.605,1.005
2025-12-11T01:10:06.073730,0.395,0.605,1.0
2025-12-11T01:10:06.688967,0.395,0.605,1.0
2025-12-11T01:10:07.305349,0.385,0.62,1.005
2025-12-11T01:10:07.920432,0.365,0.635,1.0
2025-12-11T01:10:08.537916,0.355,0.645,1.0
2025-12-11T01:10:09.153214,0.325,0.675,1.0
2025-12-11T01:10:09.772631,0.315,0.685,1.0
2025-12-11T01:10:10.386455,0.33,0.67,1.0
2025-12-11T01:10:10.979477,0.32,0.68,1.0
2025-12-11T01:10:11.595850,0.315,0.685,1.0
2025-12-11T01:10:12.211280,0.315,0.685,1.0
2025-12-11T01:10:12.837455,0.32,0.68,1.0
2025-12-11T01:10:13.454765,0.315,0.685,1.0
2025-12-11T01:10:14.052156,0.315,0.685,1.0
2025-12-11T01:10:14.670576,0.315,0.685,1.0
2025-12-11T01:10:15.277825,0.315,0.685,1.0
2025-12-11T01:10:15.893173,0.315,0.685,1.0
2025-12-11T01:10:16.508284,0.325,0.675,1.0
2025-12-11T01:10:17.110363,0.32,0.68,1.0
2025-12-11T01:10:17.724109,0.315,0.685,1.0
2025-12-11T01:10:18.356941,0.315,0.685,1.0
2025-12-11T01:10:18.959557,0.325,0.675,1.0
2025-12-11T01:10:19.574665,0.305,0.695,1.0
2025-12-11T01:10:20.178316,0.305,0.7,1.005
2025-12-11T01:10:20.802191,0.3,0.7,1.0
2025-12-11T01:10:19.844992,0.295,0.705,1.0
2025-12-11T01:10:20.455623,0.295,0.705,1.0
2025-12-11T01:10:21.060346,0.295,0.705,1.0
2025-12-11T01:10:21.666958,0.285,0.715,1.0
2025-12-11T01:10:22.288992,0.285,0.715,1.0
2025-12-11T01:10:22.896158,0.285,0.715,1.0
2025-12-11T01:10:23.516768,0.275,0.725,1.0
2025-12-11T01:10:24.128066,0.275,0.725,1.0
2025-12-11T01:10:24.732096,0.275,0.725,1.0
2025-12-11T01:10:25.351380,0.275,0.725,1.0
2025-12-11T01:10:25.964233,0.275,0.725,1.0
2025-12-11T01:10:26.580049,0.275,0.725,1.0
2025-12-11T01:10:27.195632,0.275,0.725,1.0
2025-12-11T01:10:27.812233,0.275,0.725,1.0
2025-12-11T01:10:28.434215,0.27,0.73,1.0
2025-12-11T01:10:29.049604,0.265,0.735,1.0
2025-12-11T01:10:29.660628,0.265,0.735,1.0
2025-12-11T01:10:30.260196,0.325,0.675,1.0
2025-12-11T01:10:30.870740,0.315,0.685,1.0
2025-12-11T01:10:31.479062,0.33,0.67,1.0
2025-12-11T01:10:32.099230,0.33,0.67,1.0
2025-12-11T01:10:32.717987,0.33,0.67,1.0
2025-12-11T01:10:33.331199,0.33,0.67,1.0
2025-12-11T01:10:33.948420,0.33,0.685,1.0150000000000001
2025-12-11T01:10:34.565272,0.315,0.685,1.0
2025-12-11T01:10:35.175936,0.315,0.685,1.0
2025-12-11T01:10:35.791566,0.34,0.66,1.0
2025-12-11T01:10:36.391775,0.345,0.655,1.0
2025-12-11T01:10:37.010488,0.345,0.655,1.0
2025-12-11T01:10:37.622943,0.355,0.645,1.0
2025-12-11T01:10:38.235648,0.35,0.65,1.0
2025-12-11T01:10:38.866492,0.35,0.65,1.0
2025-12-11T01:10:39.493739,0.355,0.645,1.0
2025-12-11T01:10:40.110815,0.365,0.635,1.0
2025-12-11T01:10:40.725034,0.395,0.6,0.995
2025-12-11T01:10:41.345088,0.42,0.58,1.0
2025-12-11T01:10:41.957320,0.425,0.575,1.0
2025-12-11T01:10:42.574315,0.42,0.58,1.0
2025-12-11T01:10:43.189969,0.42,0.58,1.0
2025-12-11T01:10:43.798347,0.425,0.575,1.0
2025-12-11T01:10:44.434505,0.42,0.58,1.0
2025-12-11T01:10:45.060343,0.42,0.58,1.0
2025-12-11T01:10:45.675848,0.435,0.565,1.0
2025-12-11T01:10:46.289234,0.435,0.565,1.0
2025-12-11T01:10:46.886437,0.43,0.57,1.0
2025-12-11T01:10:47.497123,0.415,0.585,1.0
2025-12-11T01:10:48.116405,0.415,0.585,1.0
2025-12-11T01:10:48.722019,0.42,0.58,1.0
2025-12-11T01:10:49.336909,0.425,0.575,1.0
2025-12-11T01:10:49.950139,0.435,0.565,1.0
2025-12-11T01:10:50.562958,0.435,0.565,1.0
2025-12-11T01:10:51.202772,0.41,0.59,1.0
2025-12-11T01:10:50.268902,0.415,0.585,1.0
2025-12-11T01:10:50.878230,0.415,0.585,1.0
2025-12-11T01:10:51.498113,0.42,0.58,1.0
2025-12-11T01:10:52.108638,0.425,0.575,1.0
2025-12-11T01:10:52.730685,0.435,0.565,1.0
2025-12-11T01:10:53.343344,0.465,0.535,1.0
2025-12-11T01:10:53.966356,0.5,0.5,1.0
2025-12-11T01:10:54.583461,0.505,0.495,1.0
2025-12-11T01:10:55.238646,0.495,0.505,1.0
2025-12-11T01:10:55.855165,0.495,0.51,1.005
2025-12-11T01:10:56.471958,0.505,0.495,1.0
2025-12-11T01:10:57.070374,0.495,0.505,1.0
2025-12-11T01:10:57.681746,0.51,0.49,1.0
2025-12-11T01:10:58.294198,0.5,0.495,0.995
2025-12-11T01:10:58.957463,0.515,0.485,1.0
2025-12-11T01:10:59.584745,0.505,0.495,1.0
2025-12-11T01:11:00.200305,0.5,0.505,1.005
2025-12-11T01:11:00.816878,0.495,0.505,1.0
2025-12-11T01:11:01.421336,0.495,0.505,1.0
2025-12-11T01:11:02.022920,0.565,0.42,0.9849999999999999
2025-12-11T01:11:02.641896,0.615,0.385,1.0
2025-12-11T01:11:03.247991,0.55,0.455,1.0050000000000001
2025-12-11T01:11:03.867090,0.525,0.475,1.0
2025-12-11T01:11:04.489756,0.52,0.48,1.0
2025-12-11T01:11:05.106672,0.485,0.515,1.0
2025-12-11T01:11:05.722886,0.48,0.52,1.0
2025-12-11T01:11:06.339630,0.49,0.515,1.005
2025-12-11T01:11:06.957641,0.475,0.525,1.0
2025-12-11T01:11:07.579849,0.495,0.47,0.965
2025-12-11T01:11:08.180772,0.575,0.425,1.0
2025-12-11T01:11:08.799071,0.58,0.415,0.9949999999999999
2025-12-11T01:11:09.418848,0.595,0.41,1.005
2025-12-11T01:11:10.017221,0.595,0.405,1.0
2025-12-11T01:11:10.635505,0.605,0.395,1.0
2025-12-11T01:11:11.255269,0.605,0.395,1.0
2025-12-11T01:11:11.874594,0.605,0.395,1.0
2025-12-11T01:11:12.502818,0.615,0.385,1.0
2025-12-11T01:11:13.108563,0.61,0.385,0.995
2025-12-11T01:11:13.717924,0.625,0.375,1.0
2025-12-11T01:11:14.321011,0.615,0.385,1.0
2025-12-11T01:11:14.937557,0.615,0.39,1.005
2025-12-11T01:11:15.558217,0.6,0.405,1.005
2025-12-11T01:11:16.161253,0.58,0.425,1.005
2025-12-11T01:11:16.776530,0.565,0.43,0.9949999999999999
2025-12-11T01:11:17.389043,0.575,0.425,1.0
2025-12-11T01:11:18.000059,0.575,0.425,1.0
2025-12-11T01:11:18.604452,0.575,0.425,1.0
2025-12-11T01:11:19.211215,0.575,0.425,1.0
2025-12-11T01:11:19.827750,0.575,0.425,1.0
2025-12-11T01:11:20.442929,0.575,0.425,1.0
2025-12-11T01:11:21.046124,0.575,0.415,0.99
2025-12-11T01:11:21.668072,0.565,0.435,1.0
2025-12-11T01:11:22.285212,0.575,0.425,1.0
2025-12-11T01:11:21.355410,0.575,0.425,1.0
2025-12-11T01:11:21.978227,0.575,0.425,1.0
2025-12-11T01:11:22.593110,0.56,0.44,1.0
2025-12-11T01:11:23.205231,0.56,0.44,1.0
2025-12-11T01:11:23.825743,0.585,0.415,1.0
2025-12-11T01:11:24.440010,0.585,0.415,1.0
2025-12-11T01:11:25.061040,0.57,0.43,1.0
2025-12-11T01:11:25.669193,0.57,0.43,1.0
2025-12-11T01:11:26.289181,0.575,0.425,1.0
2025-12-11T01:11:26.909670,0.585,0.425,1.01
2025-12-11T01:11:27.509500,0.575,0.425,1.0
2025-12-11T01:11:28.128700,0.575,0.425,1.0
2025-12-11T01:11:28.752626,0.595,0.41,1.005
2025-12-11T01:11:29.367068,0.595,0.405,1.0
2025-12-11T01:11:29.995703,0.58,0.42,1.0
2025-12-11T01:11:30.613780,0.58,0.42,1.0
2025-12-11T01:11:31.224912,0.575,0.425,1.0
2025-12-11T01:11:31.837111,0.585,0.415,1.0
2025-12-11T01:11:32.455208,0.58,0.42,1.0
2025-12-11T01:11:33.072342,0.58,0.42,1.0
2025-12-11T01:11:33.672240,0.575,0.425,1.0
2025-12-11T01:11:34.286900,0.575,0.425,1.0
2025-12-11T01:11:34.897472,0.575,0.425,1.0
2025-12-11T01:11:35.494217,0.57,0.43,1.0
2025-12-11T01:11:36.104054,0.57,0.43,1.0
2025-12-11T01:11:36.712334,0.57,0.43,1.0
2025-12-11T01:11:37.327622,0.57,0.43,1.0
2025-12-11T01:11:37.935159,0.57,0.43,1.0
2025-12-11T01:11:38.550556,0.57,0.425,0.9949999999999999
2025-12-11T01:11:39.165018,0.575,0.425,1.0
2025-12-11T01:11:39.782602,0.565,0.435,1.0
2025-12-11T01:11:40.399929,0.565,0.435,1.0
2025-12-11T01:11:41.015526,0.565,0.435,1.0
2025-12-11T01:11:41.636547,0.565,0.435,1.0
2025-12-11T01:11:42.244431,0.565,0.435,1.0
2025-12-11T01:11:42.862539,0.565,0.435,1.0
2025-12-11T01:11:43.479550,0.565,0.435,1.0
2025-12-11T01:11:44.085859,0.565,0.435,1.0
2025-12-11T01:11:44.712182,0.565,0.435,1.0
2025-12-11T01:11:45.328020,0.56,0.44,1.0
2025-12-11T01:11:45.937465,0.53,0.47,1.0
2025-12-11T01:11:46.537246,0.51,0.49,1.0
2025-12-11T01:11:47.148125,0.505,0.495,1.0
2025-12-11T01:11:47.762473,0.505,0.495,1.0
2025-12-11T01:11:48.370210,0.505,0.495,1.0
2025-12-11T01:11:48.985459,0.505,0.495,1.0
2025-12-11T01:11:49.609045,0.495,0.505,1.0
2025-12-11T01:11:50.236409,0.505,0.495,1.0
2025-12-11T01:11:50.853047,0.515,0.49,1.005
2025-12-11T01:11:51.460979,0.515,0.485,1.0
2025-12-11T01:11:52.075335,0.51,0.49,1.0
2025-12-11T01:11:52.682090,0.505,0.495,1.0
2025-12-11T01:11:51.737312,0.495,0.495,0.99
2025-12-11T01:11:52.342333,0.515,0.485,1.0
2025-12-11T01:11:52.958565,0.515,0.485,1.0
2025-12-11T01:11:53.571430,0.515,0.485,1.0
2025-12-11T01:11:54.180458,0.515,0.485,1.0
2025-12-11T01:11:54.802549,0.515,0.485,1.0
2025-12-11T01:11:55.421741,0.505,0.495,1.0
2025-12-11T01:11:56.029612,0.51,0.49,1.0
2025-12-11T01:11:56.647861,0.505,0.495,1.0
2025-12-11T01:11:57.259741,0.515,0.485,1.0
2025-12-11T01:11:57.861387,0.51,0.495,1.005
2025-12-11T01:11:58.488390,0.51,0.49,1.0
2025-12-11T01:11:59.093926,0.51,0.49,1.0
2025-12-11T01:11:59.714469,0.515,0.485,1.0
2025-12-11T01:12:00.319724,0.515,0.485,1.0
2025-12-11T01:12:00.923052,0.535,0.465,1.0
2025-12-11T01:12:01.561334,0.59,0.405,0.995
2025-12-11T01:12:02.177506,0.605,0.395,1.0
2025-12-11T01:12:02.792155,0.615,0.39,1.005
2025-12-11T01:12:03.399563,0.605,0.395,1.0
2025-12-11T01:12:03.998638,0.605,0.395,1.0
2025-12-11T01:12:04.611762,0.6,0.395,0.995
2025-12-11T01:12:05.221589,0.615,0.385,1.0
2025-12-11T01:12:05.859325,0.59,0.435,1.025
2025-12-11T01:12:06.486199,0.565,0.445,1.01
2025-12-11T01:12:07.096180,0.565,0.445,1.01
2025-12-11T01:12:07.712254,0.565,0.435,1.0
2025-12-11T01:12:08.314898,0.565,0.435,1.0
2025-12-11T01:12:08.932238,0.565,0.435,1.0
2025-12-11T01:12:09.530032,0.53,0.47,1.0
2025-12-11T01:12:10.132312,0.53,0.47,1.0
2025-12-11T01:12:10.735249,0.525,0.475,1.0
2025-12-11T01:12:11.337457,0.545,0.455,1.0
2025-12-11T01:12:11.962443,0.55,0.45,1.0
2025-12-11T01:12:12.580451,0.575,0.415,0.99
2025-12-11T01:12:13.204155,0.615,0.385,1.0
2025-12-11T01:12:13.807987,0.585,0.415,1.0
2025-12-11T01:12:14.410222,0.55,0.45,1.0
2025-12-11T01:12:15.021283,0.55,0.45,1.0
2025-12-11T01:12:15.624061,0.55,0.45,1.0
2025-12-11T01:12:16.227942,0.555,0.445,1.0
2025-12-11T01:12:16.839880,0.565,0.435,1.0
2025-12-11T01:12:17.444390,0.56,0.425,0.9850000000000001
2025-12-11T01:12:18.061278,0.565,0.445,1.01
2025-12-11T01:12:18.666047,0.56,0.435,0.9950000000000001
2025-12-11T01:12:19.262356,0.555,0.445,1.0
2025-12-11T01:12:19.876252,0.555,0.445,1.0
2025-12-11T01:12:20.479532,0.555,0.445,1.0
2025-12-11T01:12:21.074165,0.56,0.445,1.0050000000000001
2025-12-11T01:12:21.690696,0.555,0.445,1.0
2025-12-11T01:12:22.304423,0.555,0.445,1.0
2025-12-11T01:12:22.918672,0.555,0.445,1.0
2025-12-11T01:12:23.534441,0.555,0.445,1.0
2025-12-11T01:12:22.555235,0.565,0.435,1.0
2025-12-11T01:12:23.169447,0.57,0.425,0.9949999999999999
2025-12-11T01:12:23.777867,0.575,0.425,1.0
2025-12-11T01:12:24.382579,0.575,0.425,1.0
2025-12-11T01:12:24.980950,0.575,0.425,1.0
2025-12-11T01:12:25.582817,0.57,0.43,1.0
2025-12-11T01:12:26.194495,0.56,0.44,1.0
2025-12-11T01:12:26.801735,0.585,0.415,1.0
2025-12-11T01:12:27.425453,0.59,0.41,1.0
2025-12-11T01:12:28.030095,0.595,0.405,1.0
2025-12-11T01:12:28.633732,0.59,0.41,1.0
2025-12-11T01:12:29.234410,0.59,0.41,1.0
2025-12-11T01:12:29.836226,0.575,0.435,1.01
2025-12-11T01:12:30.439941,0.56,0.44,1.0
2025-12-11T01:12:31.043847,0.555,0.445,1.0
2025-12-11T01:12:31.648614,0.575,0.425,1.0
2025-12-11T01:12:32.270017,0.555,0.445,1.0
2025-12-11T01:12:32.885617,0.555,0.445,1.0
2025-12-11T01:12:33.494729,0.555,0.445,1.0
2025-12-11T01:12:34.095491,0.555,0.445,1.0
2025-12-11T01:12:34.709563,0.555,0.445,1.0
2025-12-11T01:12:35.323491,0.545,0.455,1.0
2025-12-11T01:12:35.945357,0.555,0.445,1.0
2025-12-11T01:12:36.557662,0.555,0.445,1.0
2025-12-11T01:12:37.161979,0.56,0.44,1.0
2025-12-11T01:12:37.768325,0.56,0.44,1.0
2025-12-11T01:12:38.375202,0.56,0.44,1.0
2025-12-11T01:12:38.986246,0.56,0.44,1.0
2025-12-11T01:12:39.588080,0.56,0.44,1.0
2025-12-11T01:12:40.190040,0.575,0.425,1.0
2025-12-11T01:12:40.802873,0.57,0.43,1.0
2025-12-11T01:12:41.420513,0.57,0.43,1.0
2025-12-11T01:12:42.036915,0.575,0.425,1.0
2025-12-11T01:12:42.661586,0.575,0.425,1.0
2025-12-11T01:12:43.279037,0.575,0.425,1.0
2025-12-11T01:12:43.883076,0.595,0.405,1.0
2025-12-11T01:12:44.487623,0.63,0.37,1.0
2025-12-11T01:12:45.081387,0.645,0.355,1.0
2025-12-11T01:12:45.695738,0.645,0.355,1.0
2025-12-11T01:12:46.315632,0.655,0.345,1.0
2025-12-11T01:12:46.924591,0.655,0.345,1.0
2025-12-11T01:12:47.530815,0.655,0.34,0.9950000000000001
2025-12-11T01:12:48.147000,0.65,0.35,1.0
2025-12-11T01:12:48.752406,0.675,0.325,1.0
2025-12-11T01:12:49.369923,0.665,0.33,0.9950000000000001
2025-12-11T01:12:49.999978,0.665,0.355,1.02
2025-12-11T01:12:50.612197,0.58,0.43,1.01
2025-12-11T01:12:51.210001,0.575,0.425,1.0
2025-12-11T01:12:51.832977,0.565,0.43,0.9949999999999999
2025-12-11T01:12:52.434934,0.565,0.435,1.0
2025-12-11T01:12:53.040362,0.565,0.435,1.0
2025-12-11T01:12:53.652614,0.58,0.42,1.0
2025-12-11T01:12:54.254160,0.58,0.42,1.0
2025-12-11T01:12:53.290222,0.58,0.42,1.0
2025-12-11T01:12:53.894446,0.575,0.425,1.0
2025-12-11T01:12:54.501365,0.59,0.41,1.0
2025-12-11T01:12:55.121105,0.585,0.415,1.0
2025-12-11T01:12:55.733919,0.565,0.435,1.0
2025-12-11T01:12:56.346717,0.58,0.415,0.9949999999999999
2025-12-11T01:12:56.951122,0.575,0.425,1.0
2025-12-11T01:12:57.554508,0.555,0.445,1.0
2025-12-11T01:12:58.162522,0.555,0.445,1.0
2025-12-11T01:12:58.776836,0.555,0.45,1.0050000000000001
2025-12-11T01:12:59.405891,0.555,0.445,1.0
2025-12-11T01:13:00.010358,0.58,0.425,1.005
2025-12-11T01:13:00.615108,0.595,0.42,1.015
2025-12-11T01:13:01.232382,0.58,0.425,1.005
2025-12-11T01:13:01.843722,0.58,0.42,1.0
2025-12-11T01:13:02.436875,0.58,0.42,1.0
2025-12-11T01:13:03.054106,0.555,0.445,1.0
2025-12-11T01:13:03.658464,0.58,0.42,1.0
2025-12-11T01:13:04.279009,0.575,0.43,1.005
2025-12-11T01:13:04.892474,0.56,0.445,1.0050000000000001
2025-12-11T01:13:05.509844,0.545,0.455,1.0
2025-12-11T01:13:06.125285,0.505,0.495,1.0
2025-12-11T01:13:06.722211,0.505,0.495,1.0
2025-12-11T01:13:07.349481,0.505,0.495,1.0
2025-12-11T01:13:07.959466,0.495,0.505,1.0
2025-12-11T01:13:08.584317,0.495,0.505,1.0
2025-12-11T01:13:09.198094,0.485,0.515,1.0
2025-12-11T01:13:09.806899,0.505,0.495,1.0
2025-12-11T01:13:10.405657,0.495,0.505,1.0
2025-12-11T01:13:11.009224,0.515,0.48,0.995
2025-12-11T01:13:11.621087,0.515,0.48,0.995
2025-12-11T01:13:12.235824,0.525,0.475,1.0
2025-12-11T01:13:12.845601,0.525,0.475,1.0
2025-12-11T01:13:13.461223,0.555,0.445,1.0
2025-12-11T01:13:14.078206,0.585,0.415,1.0
2025-12-11T01:13:14.704802,0.58,0.42,1.0
2025-12-11T01:13:15.341297,0.585,0.415,1.0
2025-12-11T01:13:15.958744,0.585,0.415,1.0
2025-12-11T01:13:16.567684,0.585,0.415,1.0
2025-12-11T01:13:17.188303,0.595,0.405,1.0
2025-12-11T01:13:17.800435,0.595,0.405,1.0
2025-12-11T01:13:18.408520,0.595,0.405,1.0
2025-12-11T01:13:19.028564,0.585,0.415,1.0
2025-12-11T01:13:19.631960,0.585,0.415,1.0
2025-12-11T01:13:20.240421,0.585,0.415,1.0
2025-12-11T01:13:20.854415,0.585,0.415,1.0
2025-12-11T01:13:21.467888,0.585,0.415,1.0
2025-12-11T01:13:22.081616,0.585,0.415,1.0
2025-12-11T01:13:22.681545,0.585,0.415,1.0
2025-12-11T01:13:23.322592,0.585,0.415,1.0
2025-12-11T01:13:23.932708,0.585,0.415,1.0
2025-12-11T01:13:24.549076,0.595,0.405,1.0
2025-12-11T01:13:25.164466,0.585,0.41,0.9949999999999999
2025-12-11T01:13:24.243018,0.595,0.4,0.995
2025-12-11T01:13:24.864036,0.6,0.4,1.0
2025-12-11T01:13:25.487698,0.615,0.385,1.0
2025-12-11T01:13:26.090664,0.615,0.385,1.0
2025-12-11T01:13:26.704980,0.6,0.4,1.0
2025-12-11T01:13:27.324537,0.585,0.415,1.0
2025-12-11T01:13:27.941649,0.6,0.4,1.0
2025-12-11T01:13:28.553351,0.6,0.415,1.015
2025-12-11T01:13:29.169641,0.585,0.415,1.0
2025-12-11T01:13:29.785836,0.595,0.4,0.995
2025-12-11T01:13:30.402522,0.6,0.4,1.0
2025-12-11T01:13:31.014098,0.6,0.4,1.0
2025-12-11T01:13:31.628525,0.6,0.4,1.0
2025-12-11T01:13:32.226225,0.6,0.405,1.005
2025-12-11T01:13:32.844179,0.6,0.395,0.995
2025-12-11T01:13:33.469175,0.6,0.4,1.0
2025-12-11T01:13:34.114385,0.605,0.395,1.0
2025-12-11T01:13:34.737885,0.605,0.395,1.0
2025-12-11T01:13:35.359407,0.605,0.395,1.0
2025-12-11T01:13:35.982259,0.605,0.395,1.0
2025-12-11T01:13:36.584835,0.6,0.4,1.0
2025-12-11T01:13:37.195230,0.605,0.395,1.0
2025-12-11T01:13:37.810555,0.605,0.395,1.0
2025-12-11T01:13:38.434869,0.59,0.405,0.995
2025-12-11T01:13:39.049769,0.595,0.405,1.0
2025-12-11T01:13:39.699391,0.595,0.405,1.0
2025-12-11T01:13:40.307865,0.595,0.405,1.0
2025-12-11T01:13:40.927036,0.585,0.42,1.005
2025-12-11T01:13:41.547129,0.585,0.415,1.0
2025-12-11T01:13:42.161685,0.59,0.41,1.0
2025-12-11T01:13:42.768181,0.59,0.41,1.0
2025-12-11T01:13:43.382088,0.59,0.41,1.0
2025-12-11T01:13:44.012666,0.595,0.405,1.0
2025-12-11T01:13:44.625055,0.625,0.375,1.0
2025-12-11T01:13:45.238809,0.665,0.35,1.0150000000000001
2025-12-11T01:13:45.855363,0.68,0.32,1.0
2025-12-11T01:13:46.460751,0.68,0.32,1.0
2025-12-11T01:13:47.071959,0.68,0.32,1.0
2025-12-11T01:13:47.668367,0.68,0.32,1.0
2025-12-11T01:13:48.282052,0.68,0.32,1.0
2025-12-11T01:13:48.878494,0.675,0.325,1.0
2025-12-11T01:13:49.491772,0.665,0.33,0.9950000000000001
2025-12-11T01:13:50.111751,0.69,0.32,1.01
2025-12-11T01:13:50.740074,0.665,0.335,1.0
2025-12-11T01:13:51.346096,0.665,0.335,1.0
2025-12-11T01:13:51.955657,0.67,0.33,1.0
2025-12-11T01:13:52.574509,0.685,0.315,1.0
2025-12-11T01:13:53.185918,0.675,0.325,1.0
2025-12-11T01:13:53.796009,0.675,0.325,1.0
2025-12-11T01:13:54.401244,0.59,0.41,1.0
2025-12-11T01:13:55.008514,0.555,0.445,1.0
2025-12-11T01:13:55.623439,0.535,0.465,1.0
2025-12-11T01:13:54.693242,0.525,0.475,1.0
2025-12-11T01:13:55.298738,0.455,0.52,0.9750000000000001
2025-12-11T01:13:55.917294,0.415,0.595,1.01
2025-12-11T01:13:56.525951,0.41,0.59,1.0
2025-12-11T01:13:57.131524,0.395,0.605,1.0
2025-12-11T01:13:57.730292,0.365,0.64,1.005
2025-12-11T01:13:58.342210,0.315,0.685,1.0
2025-12-11T01:13:58.962782,0.29,0.71,1.0
2025-12-11T01:13:59.566773,0.29,0.71,1.0
2025-12-11T01:14:00.175364,0.29,0.71,1.0
2025-12-11T01:14:00.790149,0.305,0.695,1.0
2025-12-11T01:14:01.398685,0.305,0.695,1.0
2025-12-11T01:14:02.011621,0.295,0.705,1.0
2025-12-11T01:14:02.617357,0.285,0.715,1.0
2025-12-11T01:14:03.223380,0.285,0.715,1.0
2025-12-11T01:14:03.844380,0.29,0.71,1.0
2025-12-11T01:14:04.451994,0.285,0.715,1.0
2025-12-11T01:14:05.070328,0.285,0.735,1.02
2025-12-11T01:14:05.681685,0.265,0.72,0.985
2025-12-11T01:14:06.288213,0.255,0.745,1.0
2025-12-11T01:14:06.898754,0.255,0.745,1.0
2025-12-11T01:14:07.513141,0.255,0.745,1.0
2025-12-11T01:14:08.122384,0.255,0.735,0.99
2025-12-11T01:14:08.729664,0.255,0.745,1.0
2025-12-11T01:14:09.340770,0.26,0.74,1.0
2025-12-11T01:14:09.948943,0.255,0.745,1.0
2025-12-11T01:14:10.562452,0.255,0.745,1.0
2025-12-11T01:14:11.179944,0.275,0.725,1.0
2025-12-11T01:14:11.792845,0.275,0.725,1.0
2025-12-11T01:14:12.389829,0.295,0.705,1.0
2025-12-11T01:14:12.994933,0.295,0.705,1.0
2025-12-11T01:14:13.607645,0.34,0.655,0.9950000000000001
2025-12-11T01:14:14.218915,0.425,0.565,0.99
2025-12-11T01:14:14.831929,0.475,0.525,1.0
2025-12-11T01:14:15.449361,0.495,0.505,1.0
2025-12-11T01:14:16.073681,0.515,0.485,1.0
2025-12-11T01:14:16.684237,0.515,0.485,1.0
2025-12-11T01:14:17.298646,0.515,0.485,1.0
2025-12-11T01:14:17.911167,0.515,0.485,1.0
2025-12-11T01:14:18.508399,0.545,0.435,0.98
2025-12-11T01:14:19.117531,0.615,0.385,1.0
2025-12-11T01:14:19.722528,0.625,0.375,1.0
2025-12-11T01:14:20.331463,0.63,0.37,1.0
2025-12-11T01:14:20.959464,0.625,0.375,1.0
2025-12-11T01:14:21.565770,0.63,0.37,1.0
2025-12-11T01:14:22.173317,0.635,0.365,1.0
2025-12-11T01:14:22.785985,0.635,0.365,1.0
2025-12-11T01:14:23.401805,0.64,0.36,1.0
2025-12-11T01:14:24.010167,0.645,0.355,1.0
2025-12-11T01:14:24.622206,0.65,0.35,1.0
2025-12-11T01:14:25.218915,0.65,0.35,1.0
2025-12-11T01:14:25.826150,0.65,0.35,1.0
2025-12-11T01:14:26.446459,0.65,0.35,1.0
2025-12-11T01:14:25.484697,0.655,0.345,1.0
2025-12-11T01:14:26.095663,0.645,0.355,1.0
2025-12-11T01:14:26.700674,0.65,0.35,1.0
2025-12-11T01:14:27.315549,0.655,0.345,1.0
2025-12-11T01:14:27.915025,0.655,0.345,1.0
2025-12-11T01:14:28.521569,0.655,0.345,1.0
2025-12-11T01:14:29.129421,0.665,0.335,1.0
2025-12-11T01:14:29.746724,0.665,0.335,1.0
2025-12-11T01:14:30.352662,0.665,0.335,1.0
2025-12-11T01:14:30.963549,0.665,0.335,1.0
2025-12-11T01:14:31.562991,0.665,0.335,1.0
2025-12-11T01:14:32.173919,0.665,0.335,1.0
2025-12-11T01:14:32.782633,0.65,0.35,1.0
2025-12-11T01:14:33.392878,0.625,0.38,1.005
2025-12-11T01:14:33.997224,0.625,0.38,1.005
2025-12-11T01:14:34.601746,0.625,0.37,0.995
2025-12-11T01:14:35.206829,0.525,0.465,0.99
2025-12-11T01:14:35.817950,0.525,0.505,1.03
2025-12-11T01:14:36.432743,0.51,0.49,1.0
2025-12-11T01:14:37.039566,0.485,0.515,1.0
2025-12-11T01:14:37.653160,0.51,0.49,1.0
2025-12-11T01:14:38.266213,0.525,0.465,0.99
2025-12-11T01:14:38.886154,0.545,0.455,1.0
2025-12-11T01:14:39.494637,0.525,0.475,1.0
2025-12-11T01:14:40.110257,0.5,0.5,1.0
2025-12-11T01:14:40.722063,0.485,0.515,1.0
2025-12-11T01:14:41.335241,0.485,0.515,1.0
2025-12-11T01:14:41.937474,0.485,0.515,1.0
2025-12-11T01:14:42.599548,0.485,0.515,1.0
2025-12-11T01:14:43.206480,0.545,0.455,1.0
2025-12-11T01:14:43.831344,0.545,0.455,1.0
2025-12-11T01:14:44.441424,0.545,0.475,1.02
2025-12-11T01:14:45.053135,0.555,0.445,1.0
2025-12-11T01:14:45.660389,0.51,0.475,0.985
2025-12-11T01:14:46.267077,0.495,0.505,1.0
2025-12-11T01:14:46.873154,0.495,0.505,1.0
2025-12-11T01:14:47.478053,0.555,0.445,1.0
2025-12-11T01:14:48.086456,0.565,0.435,1.0
2025-12-11T01:14:48.697426,0.565,0.435,1.0
2025-12-11T01:14:49.322145,0.565,0.435,1.0
2025-12-11T01:14:49.941977,0.57,0.43,1.0
2025-12-11T01:14:50.551960,0.505,0.495,1.0
2025-12-11T01:14:51.169426,0.535,0.46,0.9950000000000001
2025-12-11T01:14:51.786785,0.575,0.425,1.0
2025-12-11T01:14:52.386883,0.595,0.405,1.0
2025-12-11T01:14:53.012980,0.595,0.415,1.01
2025-12-11T01:14:53.618892,0.695,0.31,1.005
2025-12-11T01:14:54.229472,0.75,0.255,1.005
2025-12-11T01:14:54.832457,0.78,0.22,1.0
2025-12-11T01:14:55.445003,0.79,0.215,1.0050000000000001
2025-12-11T01:14:56.054429,0.77,0.22,0.99
2025-12-11T01:14:56.661926,0.825,0.17,0.995
2025-12-11T01:14:57.270265,0.825,0.155,0.98
2025-12-11T01:14:56.288833,0.82,0.155,0.975
2025-12-11T01:14:56.894933,0.88,0.12,1.0
2025-12-11T01:14:57.505889,0.905,0.095,1.0
2025-12-11T01:14:58.111481,0.895,0.11,1.0050000000000001
2025-12-11T01:14:58.728221,0.94,0.06,1.0
2025-12-11T01:14:59.324771,0.94,0.06,1.0
2025-12-11T01:14:59.933676,0.945,0.045,0.99
2025-12-11T01:15:00.538524,0.965,0.035,1.0
2025-12-11T01:15:01.147993,0.975,0.025,1.0
2025-12-11T01:15:01.755971,0.995,0.005,1.0
2025-12-11T01:15:02.362826,0.995,0.005,1.0
2025-12-11T01:15:02.965346,0.995,0.005,1.0
2025-12-11T01:15:03.569467,0.995,0.005,1.0
2025-12-11T01:15:04.179881,0.995,0.005,1.0
2025-12-11T01:15:04.786976,0.995,0.005,1.0
2025-12-11T01:15:05.392534,0.995,0.005,1.0
2025-12-11T01:15:05.996100,0.995,0.005,1.0
2025-12-11T01:15:06.604388,0.995,0.005,1.0
2025-12-11T01:15:07.209009,0.995,0.005,1.0
2025-12-11T01:15:07.813468,0.995,0.005,1.0
2025-12-11T01:15:08.419361,0.995,0.005,1.0
2025-12-11T01:15:09.022078,0.995,0.005,1.0
2025-12-11T01:15:09.623928,0.995,0.005,1.0
2025-12-11T01:15:10.228981,0.995,0.005,1.0
2025-12-11T01:15:10.839910,0.995,0.005,1.0
2025-12-11T01:15:11.444311,0.995,0.005,1.0
2025-12-11T01:15:12.048184,0.995,0.005,1.0
2025-12-11T01:15:12.655426,0.995,0.005,1.0
2025-12-11T01:15:13.270387,0.995,0.005,1.0
2025-12-11T01:15:13.873320,0.995,0.005,1.0
2025-12-11T01:15:14.479932,0.995,0.005,1.0
2025-12-11T01:15:15.093118,0.995,0.005,1.0
2025-12-11T01:15:15.698695,0.995,0.005,1.0
2025-12-11T01:15:16.302238,0.995,0.005,1.0
2025-12-11T01:15:16.909256,0.995,0.005,1.0
2025-12-11T01:15:17.514701,0.995,0.005,1.0
2025-12-11T01:15:18.134369,0.995,0.005,1.0
2025-12-11T01:15:18.743094,0.995,0.005,1.0
2025-12-11T01:15:19.364066,0.995,0.005,1.0
2025-12-11T01:15:19.964773,0.995,0.005,1.0
2025-12-11T01:15:20.577761,0.995,0.005,1.0
2025-12-11T01:15:21.199225,0.995,0.005,1.0
2025-12-11T01:15:21.813083,0.995,0.005,1.0
2025-12-11T01:15:22.438768,0.995,0.005,1.0
2025-12-11T01:15:23.052755,0.995,0.005,1.0
2025-12-11T01:15:23.664470,0.995,0.005,1.0
2025-12-11T01:15:24.283756,0.995,0.005,1.0
2025-12-11T01:15:24.895791,0.995,0.005,1.0
2025-12-11T01:15:25.512926,0.995,0.005,1.0
2025-12-11T01:15:26.131755,0.995,0.005,1.0
2025-12-11T01:15:26.739411,0.995,0.005,1.0
2025-12-11T01:15:27.352140,0.995,0.005,1.0
2025-12-11T01:15:26.438973,0.995,0.005,1.0
2025-12-11T01:15:27.053418,0.995,0.005,1.0
2025-12-11T01:15:27.679559,0.995,0.005,1.0
2025-12-11T01:15:28.287045,0.995,0.005,1.0
2025-12-11T01:15:28.892371,0.995,0.005,1.0
2025-12-11T01:15:29.511916,0.995,0.005,1.0
2025-12-11T01:15:30.120403,0.995,0.005,1.0
2025-12-11T01:15:30.734468,0.995,0.005,1.0
2025-12-11T01:15:31.350712,0.995,0.005,1.0
2025-12-11T01:15:31.968196,0.995,0.005,1.0
2025-12-11T01:15:32.592395,0.995,0.005,1.0
2025-12-11T01:15:33.203728,0.995,0.005,1.0
2025-12-11T01:15:33.819422,0.995,0.005,1.0
2025-12-11T01:15:34.431125,0.995,0.005,1.0
2025-12-11T01:15:35.029440,0.995,0.005,1.0
2025-12-11T01:15:35.646448,0.995,0.005,1.0
2025-12-11T01:15:36.271171,0.995,0.005,1.0
2025-12-11T01:15:36.885989,0.995,0.005,1.0
2025-12-11T01:15:37.505588,0.995,0.005,1.0
2025-12-11T01:15:38.112378,0.995,0.005,1.0
2025-12-11T01:15:38.726144,0.995,0.005,1.0
2025-12-11T01:15:39.343374,0.995,0.005,1.0
2025-12-11T01:15:39.960649,0.995,0.005,1.0
2025-12-11T01:15:40.568258,0.995,0.005,1.0
2025-12-11T01:15:41.183316,0.995,0.005,1.0
2025-12-11T01:15:41.797009,0.995,0.005,1.0
2025-12-11T01:15:42.401721,0.995,0.005,1.0
2025-12-11T01:15:43.014161,0.995,0.005,1.0
2025-12-11T01:15:43.642747,0.995,0.005,1.0
2025-12-11T01:15:44.264075,0.995,0.005,1.0
2025-12-11T01:15:44.876692,0.995,0.005,1.0
2025-12-11T01:15:45.488563,0.995,0.005,1.0
2025-12-11T01:15:46.100108,0.995,0.005,1.0
2025-12-11T01:15:46.730949,0.995,0.005,1.0
2025-12-11T01:15:47.345366,0.995,0.005,1.0
2025-12-11T01:15:47.969894,0.995,0.005,1.0
2025-12-11T01:15:48.584953,0.995,0.005,1.0
2025-12-11T01:15:49.206510,0.995,0.005,1.0
2025-12-11T01:15:49.822999,0.995,0.005,1.0
2025-12-11T01:15:50.421816,0.995,0.005,1.0
2025-12-11T01:15:51.032280,0.995,0.005,1.0
2025-12-11T01:15:51.654754,0.995,0.005,1.0
2025-12-11T01:15:52.276835,0.995,0.005,1.0
2025-12-11T01:15:52.891538,0.995,0.005,1.0
2025-12-11T01:15:53.546996,0.995,0.005,1.0
2025-12-11T01:15:54.175178,0.995,0.005,1.0
2025-12-11T01:15:54.793025,0.995,0.005,1.0
2025-12-11T01:15:55.407381,0.995,0.005,1.0
2025-12-11T01:15:56.022436,0.995,0.005,1.0
2025-12-11T01:15:56.640176,0.995,0.005,1.0
2025-12-11T01:15:57.251341,0.995,0.005,1.0
2025-12-11T01:15:57.862390,0.995,0.005,1.0
2025-12-11T01:15:58.464817,0.995,0.005,1.0
2025-12-11T01:15:57.539064,0.995,0.005,1.0
2025-12-11T01:15:58.143479,0.995,0.005,1.0
2025-12-11T01:15:58.766545,0.995,0.005,1.0
2025-12-11T01:15:59.370190,0.5,0.5,1.0
