timestamp,price_yes,price_no,sum_prices
2025-12-11T04:16:00.364902,0.475,0.53,1.005
2025-12-11T04:16:00.970131,0.465,0.525,0.99
2025-12-11T04:16:01.572759,0.48,0.525,1.005
2025-12-11T04:16:02.168736,0.475,0.525,1.0
2025-12-11T04:16:02.769399,0.465,0.535,1.0
2025-12-11T04:16:03.366395,0.465,0.535,1.0
2025-12-11T04:16:03.971009,0.465,0.535,1.0
2025-12-11T04:16:04.578772,0.465,0.535,1.0
2025-12-11T04:16:05.187709,0.465,0.535,1.0
2025-12-11T04:16:05.788066,0.455,0.545,1.0
2025-12-11T04:16:06.398176,0.455,0.545,1.0
2025-12-11T04:16:07.005172,0.465,0.535,1.0
2025-12-11T04:16:07.608666,0.485,0.515,1.0
2025-12-11T04:16:08.221987,0.495,0.505,1.0
2025-12-11T04:16:08.820142,0.495,0.505,1.0
2025-12-11T04:16:09.426907,0.49,0.505,0.995
2025-12-11T04:16:10.024598,0.505,0.495,1.0
2025-12-11T04:16:10.639984,0.51,0.49,1.0
2025-12-11T04:16:11.236743,0.515,0.485,1.0
2025-12-11T04:16:11.846110,0.515,0.485,1.0
2025-12-11T04:16:12.447964,0.515,0.485,1.0
2025-12-11T04:16:13.049460,0.515,0.485,1.0
2025-12-11T04:16:13.658523,0.525,0.475,1.0
2025-12-11T04:16:14.255720,0.525,0.475,1.0
2025-12-11T04:16:14.864076,0.525,0.475,1.0
2025-12-11T04:16:15.467716,0.525,0.475,1.0
2025-12-11T04:16:16.072110,0.515,0.485,1.0
2025-12-11T04:16:16.680351,0.515,0.485,1.0
2025-12-11T04:16:17.279649,0.515,0.485,1.0
2025-12-11T04:16:17.890896,0.515,0.475,0.99
2025-12-11T04:16:18.505717,0.53,0.465,0.9950000000000001
2025-12-11T04:16:19.114457,0.525,0.475,1.0
2025-12-11T04:16:19.730558,0.525,0.48,1.005
2025-12-11T04:16:20.347179,0.515,0.485,1.0
2025-12-11T04:16:19.374726,0.515,0.485,1.0
2025-12-11T04:16:19.988343,0.515,0.485,1.0
2025-12-11T04:16:20.602933,0.515,0.485,1.0
2025-12-11T04:16:21.220595,0.525,0.475,1.0
2025-12-11T04:16:21.842135,0.515,0.485,1.0
2025-12-11T04:16:22.455547,0.5,0.5,1.0
2025-12-11T04:16:23.057964,0.495,0.505,1.0
2025-12-11T04:16:23.672559,0.495,0.505,1.0
2025-12-11T04:16:24.280015,0.495,0.505,1.0
2025-12-11T04:16:24.890390,0.495,0.505,1.0
2025-12-11T04:16:25.509878,0.485,0.515,1.0
2025-12-11T04:16:26.129203,0.48,0.52,1.0
2025-12-11T04:16:26.723357,0.485,0.515,1.0
2025-12-11T04:16:27.331693,0.485,0.515,1.0
2025-12-11T04:16:27.949077,0.48,0.52,1.0
2025-12-11T04:16:28.559864,0.495,0.505,1.0
2025-12-11T04:16:29.157787,0.495,0.505,1.0
2025-12-11T04:16:29.754898,0.495,0.505,1.0
2025-12-11T04:16:30.364728,0.515,0.485,1.0
2025-12-11T04:16:30.974737,0.515,0.485,1.0
2025-12-11T04:16:31.591278,0.525,0.475,1.0
2025-12-11T04:16:32.202492,0.525,0.475,1.0
2025-12-11T04:16:32.849616,0.525,0.475,1.0
2025-12-11T04:16:33.449412,0.525,0.475,1.0
2025-12-11T04:16:34.063235,0.525,0.475,1.0
2025-12-11T04:16:34.677507,0.515,0.485,1.0
2025-12-11T04:16:35.292738,0.505,0.495,1.0
2025-12-11T04:16:35.904981,0.495,0.505,1.0
2025-12-11T04:16:36.505861,0.48,0.52,1.0
2025-12-11T04:16:37.114294,0.485,0.51,0.995
2025-12-11T04:16:37.721825,0.495,0.505,1.0
2025-12-11T04:16:38.329503,0.495,0.505,1.0
2025-12-11T04:16:38.931293,0.485,0.515,1.0
2025-12-11T04:16:39.529238,0.475,0.525,1.0
2025-12-11T04:16:40.131420,0.465,0.535,1.0
2025-12-11T04:16:40.732009,0.46,0.545,1.0050000000000001
2025-12-11T04:16:41.334473,0.455,0.545,1.0
2025-12-11T04:16:41.944245,0.455,0.545,1.0
2025-12-11T04:16:42.544175,0.455,0.545,1.0
2025-12-11T04:16:43.160076,0.455,0.545,1.0
2025-12-11T04:16:43.774020,0.455,0.545,1.0
2025-12-11T04:16:44.381248,0.455,0.545,1.0
2025-12-11T04:16:44.980873,0.455,0.545,1.0
2025-12-11T04:16:45.585233,0.465,0.535,1.0
2025-12-11T04:16:46.194243,0.46,0.54,1.0
2025-12-11T04:16:46.804921,0.455,0.545,1.0
2025-12-11T04:16:47.434213,0.45,0.555,1.0050000000000001
2025-12-11T04:16:48.034073,0.445,0.555,1.0
2025-12-11T04:16:48.649178,0.45,0.55,1.0
2025-12-11T04:16:49.256052,0.445,0.555,1.0
2025-12-11T04:16:49.857250,0.455,0.545,1.0
2025-12-11T04:16:50.463564,0.455,0.545,1.0
2025-12-11T04:16:49.490433,0.455,0.545,1.0
2025-12-11T04:16:50.094159,0.455,0.545,1.0
2025-12-11T04:16:50.698464,0.455,0.545,1.0
2025-12-11T04:16:51.296219,0.445,0.555,1.0
2025-12-11T04:16:51.901666,0.435,0.565,1.0
2025-12-11T04:16:52.515066,0.425,0.57,0.9949999999999999
2025-12-11T04:16:53.110763,0.435,0.565,1.0
2025-12-11T04:16:53.715299,0.435,0.565,1.0
2025-12-11T04:16:54.320624,0.445,0.555,1.0
2025-12-11T04:16:54.931184,0.445,0.555,1.0
2025-12-11T04:16:55.532881,0.445,0.555,1.0
2025-12-11T04:16:56.141190,0.445,0.555,1.0
2025-12-11T04:16:56.741156,0.445,0.555,1.0
2025-12-11T04:16:57.344874,0.445,0.555,1.0
2025-12-11T04:16:57.956145,0.445,0.555,1.0
2025-12-11T04:16:58.556932,0.42,0.58,1.0
2025-12-11T04:16:59.173239,0.415,0.585,1.0
2025-12-11T04:16:59.870521,0.405,0.595,1.0
2025-12-11T04:17:00.497124,0.405,0.595,1.0
2025-12-11T04:17:01.099204,0.395,0.605,1.0
2025-12-11T04:17:01.715166,0.41,0.59,1.0
2025-12-11T04:17:02.327101,0.415,0.585,1.0
2025-12-11T04:17:02.937240,0.41,0.59,1.0
2025-12-11T04:17:03.564460,0.415,0.585,1.0
2025-12-11T04:17:04.173957,0.41,0.595,1.005
2025-12-11T04:17:04.780737,0.405,0.595,1.0
2025-12-11T04:17:05.380597,0.395,0.605,1.0
2025-12-11T04:17:05.988731,0.395,0.605,1.0
2025-12-11T04:17:06.586383,0.385,0.615,1.0
2025-12-11T04:17:07.191144,0.405,0.595,1.0
2025-12-11T04:17:07.797831,0.405,0.595,1.0
2025-12-11T04:17:08.412854,0.41,0.59,1.0
2025-12-11T04:17:09.018353,0.425,0.575,1.0
2025-12-11T04:17:09.627828,0.43,0.57,1.0
2025-12-11T04:17:10.237438,0.435,0.565,1.0
2025-12-11T04:17:10.838438,0.44,0.56,1.0
2025-12-11T04:17:11.438704,0.445,0.555,1.0
2025-12-11T04:17:12.044080,0.445,0.555,1.0
2025-12-11T04:17:12.650820,0.405,0.595,1.0
2025-12-11T04:17:13.257127,0.425,0.575,1.0
2025-12-11T04:17:13.867158,0.425,0.575,1.0
2025-12-11T04:17:14.470614,0.435,0.565,1.0
2025-12-11T04:17:15.075706,0.435,0.565,1.0
2025-12-11T04:17:15.681753,0.44,0.56,1.0
2025-12-11T04:17:16.289623,0.445,0.555,1.0
2025-12-11T04:17:16.891397,0.455,0.545,1.0
2025-12-11T04:17:17.501362,0.465,0.535,1.0
2025-12-11T04:17:18.102739,0.475,0.525,1.0
2025-12-11T04:17:18.716656,0.475,0.525,1.0
2025-12-11T04:17:19.313860,0.475,0.525,1.0
2025-12-11T04:17:19.924216,0.485,0.515,1.0
2025-12-11T04:17:20.533015,0.48,0.52,1.0
2025-12-11T04:17:21.136859,0.445,0.555,1.0
2025-12-11T04:17:20.129054,0.46,0.54,1.0
2025-12-11T04:17:20.742830,0.475,0.525,1.0
2025-12-11T04:17:21.357080,0.475,0.535,1.01
2025-12-11T04:17:21.966584,0.465,0.535,1.0
2025-12-11T04:17:22.565395,0.465,0.535,1.0
2025-12-11T04:17:23.168688,0.49,0.515,1.005
2025-12-11T04:17:23.774842,0.475,0.525,1.0
2025-12-11T04:17:24.375744,0.475,0.525,1.0
2025-12-11T04:17:24.983109,0.475,0.525,1.0
2025-12-11T04:17:25.587034,0.475,0.525,1.0
2025-12-11T04:17:26.192793,0.475,0.525,1.0
2025-12-11T04:17:26.798246,0.475,0.525,1.0
2025-12-11T04:17:27.403135,0.475,0.525,1.0
2025-12-11T04:17:28.029546,0.485,0.515,1.0
2025-12-11T04:17:28.633336,0.48,0.52,1.0
2025-12-11T04:17:29.237768,0.475,0.525,1.0
2025-12-11T04:17:29.839220,0.475,0.525,1.0
2025-12-11T04:17:30.443617,0.475,0.525,1.0
2025-12-11T04:17:31.051231,0.475,0.525,1.0
2025-12-11T04:17:31.658377,0.475,0.525,1.0
2025-12-11T04:17:32.270938,0.475,0.525,1.0
2025-12-11T04:17:32.868725,0.475,0.525,1.0
2025-12-11T04:17:33.477734,0.46,0.54,1.0
2025-12-11T04:17:34.085172,0.455,0.545,1.0
2025-12-11T04:17:34.684448,0.455,0.545,1.0
2025-12-11T04:17:35.290667,0.455,0.545,1.0
2025-12-11T04:17:35.898397,0.455,0.545,1.0
2025-12-11T04:17:36.505046,0.465,0.535,1.0
2025-12-11T04:17:37.116669,0.465,0.545,1.01
2025-12-11T04:17:37.721039,0.45,0.555,1.0050000000000001
2025-12-11T04:17:38.331775,0.465,0.54,1.0050000000000001
2025-12-11T04:17:38.993879,0.46,0.54,1.0
2025-12-11T04:17:39.603176,0.46,0.54,1.0
2025-12-11T04:17:40.203837,0.46,0.545,1.0050000000000001
2025-12-11T04:17:40.836695,0.455,0.545,1.0
2025-12-11T04:17:41.452551,0.46,0.54,1.0
2025-12-11T04:17:42.072908,0.465,0.535,1.0
2025-12-11T04:17:42.683969,0.475,0.525,1.0
2025-12-11T04:17:43.296842,0.48,0.52,1.0
2025-12-11T04:17:43.902516,0.485,0.515,1.0
2025-12-11T04:17:44.509584,0.495,0.505,1.0
2025-12-11T04:17:45.109351,0.505,0.495,1.0
2025-12-11T04:17:45.717836,0.505,0.495,1.0
2025-12-11T04:17:46.330152,0.505,0.495,1.0
2025-12-11T04:17:46.931130,0.495,0.505,1.0
2025-12-11T04:17:47.537216,0.485,0.515,1.0
2025-12-11T04:17:48.168693,0.475,0.525,1.0
2025-12-11T04:17:48.766350,0.48,0.52,1.0
2025-12-11T04:17:49.371705,0.485,0.515,1.0
2025-12-11T04:17:49.974556,0.48,0.52,1.0
2025-12-11T04:17:50.580735,0.48,0.52,1.0
2025-12-11T04:17:51.180444,0.475,0.525,1.0
2025-12-11T04:17:51.783189,0.47,0.525,0.995
2025-12-11T04:17:50.750511,0.475,0.525,1.0
2025-12-11T04:17:51.356508,0.475,0.525,1.0
2025-12-11T04:17:51.958100,0.475,0.52,0.995
2025-12-11T04:17:52.561737,0.485,0.515,1.0
2025-12-11T04:17:53.162010,0.485,0.515,1.0
2025-12-11T04:17:53.763134,0.485,0.515,1.0
2025-12-11T04:17:54.371770,0.485,0.515,1.0
2025-12-11T04:17:54.972991,0.465,0.535,1.0
2025-12-11T04:17:55.577000,0.445,0.555,1.0
2025-12-11T04:17:56.181847,0.445,0.555,1.0
2025-12-11T04:17:56.784123,0.44,0.565,1.005
2025-12-11T04:17:57.387294,0.435,0.575,1.01
2025-12-11T04:17:57.985872,0.43,0.57,1.0
2025-12-11T04:17:58.589810,0.435,0.565,1.0
2025-12-11T04:17:59.195190,0.435,0.565,1.0
2025-12-11T04:17:59.789687,0.435,0.565,1.0
2025-12-11T04:18:00.385086,0.435,0.565,1.0
2025-12-11T04:18:00.985160,0.445,0.555,1.0
2025-12-11T04:18:01.595057,0.465,0.535,1.0
2025-12-11T04:18:02.190887,0.465,0.535,1.0
2025-12-11T04:18:02.799179,0.465,0.535,1.0
2025-12-11T04:18:03.408258,0.47,0.525,0.995
2025-12-11T04:18:04.014721,0.475,0.525,1.0
2025-12-11T04:18:04.621601,0.47,0.53,1.0
2025-12-11T04:18:05.232890,0.475,0.525,1.0
2025-12-11T04:18:05.838750,0.485,0.515,1.0
2025-12-11T04:18:06.448971,0.485,0.515,1.0
2025-12-11T04:18:07.087757,0.495,0.505,1.0
2025-12-11T04:18:07.700935,0.495,0.505,1.0
2025-12-11T04:18:08.312317,0.505,0.495,1.0
2025-12-11T04:18:08.915014,0.505,0.495,1.0
2025-12-11T04:18:09.515260,0.505,0.495,1.0
2025-12-11T04:18:10.117109,0.515,0.48,0.995
2025-12-11T04:18:10.720654,0.525,0.48,1.005
2025-12-11T04:18:11.323613,0.515,0.485,1.0
2025-12-11T04:18:11.930841,0.515,0.485,1.0
2025-12-11T04:18:12.524473,0.525,0.47,0.995
2025-12-11T04:18:13.130386,0.535,0.465,1.0
2025-12-11T04:18:13.732176,0.545,0.455,1.0
2025-12-11T04:18:14.335708,0.565,0.435,1.0
2025-12-11T04:18:14.930226,0.57,0.43,1.0
2025-12-11T04:18:15.532440,0.565,0.435,1.0
2025-12-11T04:18:16.137974,0.565,0.435,1.0
2025-12-11T04:18:16.757787,0.585,0.415,1.0
2025-12-11T04:18:17.363021,0.585,0.415,1.0
2025-12-11T04:18:17.964352,0.565,0.435,1.0
2025-12-11T04:18:18.573848,0.55,0.45,1.0
2025-12-11T04:18:19.173703,0.545,0.455,1.0
2025-12-11T04:18:19.771033,0.555,0.445,1.0
2025-12-11T04:18:20.373996,0.55,0.45,1.0
2025-12-11T04:18:20.979054,0.55,0.45,1.0
2025-12-11T04:18:21.584687,0.565,0.435,1.0
2025-12-11T04:18:22.185404,0.565,0.435,1.0
2025-12-11T04:18:22.788052,0.56,0.44,1.0
2025-12-11T04:18:21.839410,0.555,0.445,1.0
2025-12-11T04:18:22.435950,0.56,0.44,1.0
2025-12-11T04:18:23.032440,0.565,0.435,1.0
2025-12-11T04:18:23.632997,0.565,0.435,1.0
2025-12-11T04:18:24.234714,0.565,0.43,0.9949999999999999
2025-12-11T04:18:24.840907,0.565,0.435,1.0
2025-12-11T04:18:25.442764,0.555,0.445,1.0
2025-12-11T04:18:26.048992,0.555,0.445,1.0
2025-12-11T04:18:26.655333,0.555,0.445,1.0
2025-12-11T04:18:27.261809,0.565,0.435,1.0
2025-12-11T04:18:27.854234,0.565,0.435,1.0
2025-12-11T04:18:28.454245,0.56,0.44,1.0
2025-12-11T04:18:29.061674,0.56,0.445,1.0050000000000001
2025-12-11T04:18:29.660700,0.555,0.45,1.0050000000000001
2025-12-11T04:18:30.268626,0.525,0.475,1.0
2025-12-11T04:18:30.874681,0.525,0.475,1.0
2025-12-11T04:18:31.477094,0.52,0.48,1.0
2025-12-11T04:18:32.087786,0.515,0.485,1.0
2025-12-11T04:18:32.691882,0.52,0.48,1.0
2025-12-11T04:18:33.295480,0.52,0.485,1.005
2025-12-11T04:18:33.893184,0.515,0.485,1.0
2025-12-11T04:18:34.500224,0.52,0.48,1.0
2025-12-11T04:18:35.105149,0.515,0.485,1.0
2025-12-11T04:18:35.713033,0.515,0.485,1.0
2025-12-11T04:18:36.330192,0.515,0.485,1.0
2025-12-11T04:18:36.938412,0.505,0.495,1.0
2025-12-11T04:18:37.542352,0.495,0.505,1.0
2025-12-11T04:18:38.141116,0.5,0.5,1.0
2025-12-11T04:18:38.747852,0.495,0.505,1.0
2025-12-11T04:18:39.356751,0.495,0.505,1.0
2025-12-11T04:18:39.957686,0.495,0.505,1.0
2025-12-11T04:18:40.565113,0.5,0.5,1.0
2025-12-11T04:18:41.222874,0.505,0.495,1.0
2025-12-11T04:18:41.824325,0.5,0.5,1.0
2025-12-11T04:18:42.675748,0.505,0.485,0.99
2025-12-11T04:18:43.273272,0.555,0.445,1.0
2025-12-11T04:18:43.869307,0.555,0.445,1.0
2025-12-11T04:18:44.468750,0.555,0.45,1.0050000000000001
2025-12-11T04:18:45.074482,0.55,0.45,1.0
2025-12-11T04:18:45.675079,0.545,0.455,1.0
2025-12-11T04:18:46.279198,0.535,0.465,1.0
2025-12-11T04:18:46.879644,0.535,0.455,0.99
2025-12-11T04:18:47.535037,0.545,0.455,1.0
2025-12-11T04:18:48.149249,0.54,0.46,1.0
2025-12-11T04:18:48.763896,0.545,0.455,1.0
2025-12-11T04:18:49.369724,0.555,0.445,1.0
2025-12-11T04:18:49.978703,0.565,0.435,1.0
2025-12-11T04:18:50.575733,0.57,0.43,1.0
2025-12-11T04:18:51.186662,0.57,0.43,1.0
2025-12-11T04:18:51.791764,0.565,0.435,1.0
2025-12-11T04:18:52.403899,0.57,0.425,0.9949999999999999
2025-12-11T04:18:53.008765,0.575,0.415,0.99
2025-12-11T04:18:53.614490,0.585,0.415,1.0
2025-12-11T04:18:52.633051,0.585,0.415,1.0
2025-12-11T04:18:53.240488,0.585,0.415,1.0
2025-12-11T04:18:53.854578,0.565,0.435,1.0
2025-12-11T04:18:54.467288,0.57,0.43,1.0
2025-12-11T04:18:55.077747,0.57,0.43,1.0
2025-12-11T04:18:55.681212,0.575,0.425,1.0
2025-12-11T04:18:56.287693,0.585,0.415,1.0
2025-12-11T04:18:56.893524,0.585,0.415,1.0
2025-12-11T04:18:57.493113,0.585,0.415,1.0
2025-12-11T04:18:58.089012,0.59,0.41,1.0
2025-12-11T04:18:58.691222,0.605,0.395,1.0
2025-12-11T04:18:59.324081,0.605,0.395,1.0
2025-12-11T04:18:59.918792,0.615,0.385,1.0
2025-12-11T04:19:00.524868,0.615,0.385,1.0
2025-12-11T04:19:01.126008,0.605,0.395,1.0
2025-12-11T04:19:01.732595,0.595,0.405,1.0
2025-12-11T04:19:02.344192,0.595,0.405,1.0
2025-12-11T04:19:02.940965,0.575,0.425,1.0
2025-12-11T04:19:03.535009,0.565,0.435,1.0
2025-12-11T04:19:04.135479,0.565,0.435,1.0
2025-12-11T04:19:04.746505,0.57,0.425,0.9949999999999999
2025-12-11T04:19:05.354729,0.575,0.425,1.0
2025-12-11T04:19:05.962838,0.59,0.41,1.0
2025-12-11T04:19:06.569342,0.605,0.395,1.0
2025-12-11T04:19:07.175546,0.6,0.4,1.0
2025-12-11T04:19:07.775147,0.6,0.4,1.0
2025-12-11T04:19:08.371300,0.605,0.395,1.0
2025-12-11T04:19:08.970972,0.615,0.385,1.0
2025-12-11T04:19:09.584554,0.62,0.38,1.0
2025-12-11T04:19:10.187515,0.625,0.375,1.0
2025-12-11T04:19:10.797726,0.63,0.37,1.0
2025-12-11T04:19:11.403905,0.63,0.375,1.005
2025-12-11T04:19:12.004372,0.63,0.37,1.0
2025-12-11T04:19:12.607786,0.625,0.375,1.0
2025-12-11T04:19:13.209498,0.635,0.37,1.005
2025-12-11T04:19:13.805691,0.625,0.375,1.0
2025-12-11T04:19:14.410880,0.625,0.375,1.0
2025-12-11T04:19:15.014854,0.635,0.365,1.0
2025-12-11T04:19:15.620248,0.645,0.355,1.0
2025-12-11T04:19:16.224198,0.64,0.36,1.0
2025-12-11T04:19:16.880856,0.645,0.355,1.0
2025-12-11T04:19:17.484267,0.645,0.355,1.0
2025-12-11T04:19:18.102930,0.655,0.345,1.0
2025-12-11T04:19:18.710023,0.665,0.335,1.0
2025-12-11T04:19:19.310379,0.655,0.345,1.0
2025-12-11T04:19:19.912955,0.655,0.345,1.0
2025-12-11T04:19:20.513545,0.66,0.34,1.0
2025-12-11T04:19:21.117926,0.66,0.345,1.005
2025-12-11T04:19:21.715658,0.655,0.345,1.0
2025-12-11T04:19:22.318238,0.655,0.345,1.0
2025-12-11T04:19:22.916267,0.645,0.355,1.0
2025-12-11T04:19:23.529139,0.635,0.365,1.0
2025-12-11T04:19:24.133897,0.635,0.355,0.99
2025-12-11T04:19:23.144872,0.635,0.365,1.0
2025-12-11T04:19:23.758380,0.65,0.345,0.995
2025-12-11T04:19:24.373748,0.65,0.35,1.0
2025-12-11T04:19:24.976999,0.66,0.34,1.0
2025-12-11T04:19:25.583712,0.665,0.335,1.0
2025-12-11T04:19:26.194225,0.675,0.325,1.0
2025-12-11T04:19:26.806478,0.675,0.325,1.0
2025-12-11T04:19:27.414643,0.685,0.315,1.0
2025-12-11T04:19:28.011673,0.685,0.315,1.0
2025-12-11T04:19:28.612368,0.675,0.325,1.0
2025-12-11T04:19:29.218951,0.675,0.325,1.0
2025-12-11T04:19:29.822842,0.665,0.335,1.0
2025-12-11T04:19:30.419627,0.66,0.335,0.9950000000000001
2025-12-11T04:19:31.016804,0.65,0.35,1.0
2025-12-11T04:19:31.629272,0.645,0.355,1.0
2025-12-11T04:19:32.235667,0.64,0.365,1.005
2025-12-11T04:19:32.833891,0.645,0.355,1.0
2025-12-11T04:19:33.438505,0.645,0.355,1.0
2025-12-11T04:19:34.047047,0.665,0.335,1.0
2025-12-11T04:19:34.653039,0.67,0.325,0.9950000000000001
2025-12-11T04:19:35.252159,0.675,0.325,1.0
2025-12-11T04:19:35.857684,0.675,0.325,1.0
2025-12-11T04:19:36.460062,0.68,0.32,1.0
2025-12-11T04:19:37.063681,0.675,0.325,1.0
2025-12-11T04:19:37.677129,0.67,0.335,1.0050000000000001
2025-12-11T04:19:38.286072,0.655,0.35,1.005
2025-12-11T04:19:38.892510,0.635,0.365,1.0
2025-12-11T04:19:39.494355,0.635,0.365,1.0
2025-12-11T04:19:40.125988,0.625,0.375,1.0
2025-12-11T04:19:40.727616,0.625,0.375,1.0
2025-12-11T04:19:41.320499,0.62,0.38,1.0
2025-12-11T04:19:41.932474,0.62,0.38,1.0
2025-12-11T04:19:42.538200,0.62,0.38,1.0
2025-12-11T04:19:43.142397,0.615,0.385,1.0
2025-12-11T04:19:43.744160,0.615,0.385,1.0
2025-12-11T04:19:44.344455,0.625,0.375,1.0
2025-12-11T04:19:44.946596,0.625,0.375,1.0
2025-12-11T04:19:45.551635,0.625,0.375,1.0
2025-12-11T04:19:46.155230,0.615,0.385,1.0
2025-12-11T04:19:46.759855,0.615,0.385,1.0
2025-12-11T04:19:47.368141,0.615,0.385,1.0
2025-12-11T04:19:47.978949,0.625,0.37,0.995
2025-12-11T04:19:48.583162,0.64,0.36,1.0
2025-12-11T04:19:49.192263,0.625,0.375,1.0
2025-12-11T04:19:49.794483,0.625,0.375,1.0
2025-12-11T04:19:50.398421,0.62,0.38,1.0
2025-12-11T04:19:51.001700,0.62,0.38,1.0
2025-12-11T04:19:51.600639,0.62,0.38,1.0
2025-12-11T04:19:52.213255,0.63,0.37,1.0
2025-12-11T04:19:52.823731,0.625,0.375,1.0
2025-12-11T04:19:53.432901,0.615,0.385,1.0
2025-12-11T04:19:54.037917,0.62,0.38,1.0
2025-12-11T04:19:54.643804,0.62,0.375,0.995
2025-12-11T04:19:53.644899,0.625,0.375,1.0
2025-12-11T04:19:54.256122,0.625,0.375,1.0
2025-12-11T04:19:54.858590,0.625,0.375,1.0
2025-12-11T04:19:55.459631,0.635,0.365,1.0
2025-12-11T04:19:56.067427,0.645,0.355,1.0
2025-12-11T04:19:56.668734,0.645,0.35,0.995
2025-12-11T04:19:57.276808,0.655,0.345,1.0
2025-12-11T04:19:57.874951,0.655,0.345,1.0
2025-12-11T04:19:58.471685,0.655,0.345,1.0
2025-12-11T04:19:59.074444,0.65,0.35,1.0
2025-12-11T04:19:59.674379,0.645,0.355,1.0
2025-12-11T04:20:00.280663,0.66,0.34,1.0
2025-12-11T04:20:00.882965,0.66,0.335,0.9950000000000001
2025-12-11T04:20:01.486256,0.675,0.325,1.0
2025-12-11T04:20:02.083188,0.685,0.315,1.0
2025-12-11T04:20:02.685383,0.685,0.315,1.0
2025-12-11T04:20:03.287654,0.695,0.305,1.0
2025-12-11T04:20:03.894458,0.7,0.3,1.0
2025-12-11T04:20:04.509003,0.705,0.295,1.0
2025-12-11T04:20:05.122200,0.705,0.295,1.0
2025-12-11T04:20:05.727745,0.705,0.295,1.0
2025-12-11T04:20:06.333985,0.705,0.295,1.0
2025-12-11T04:20:06.929447,0.715,0.285,1.0
2025-12-11T04:20:07.523729,0.7,0.3,1.0
2025-12-11T04:20:08.141044,0.705,0.3,1.005
2025-12-11T04:20:08.736293,0.71,0.29,1.0
2025-12-11T04:20:09.347462,0.705,0.295,1.0
2025-12-11T04:20:09.946884,0.715,0.285,1.0
2025-12-11T04:20:10.540556,0.72,0.285,1.005
2025-12-11T04:20:11.136179,0.715,0.285,1.0
2025-12-11T04:20:11.741049,0.725,0.275,1.0
2025-12-11T04:20:12.346581,0.715,0.285,1.0
2025-12-11T04:20:12.952580,0.755,0.245,1.0
2025-12-11T04:20:13.550804,0.775,0.225,1.0
2025-12-11T04:20:14.163088,0.775,0.225,1.0
2025-12-11T04:20:14.760732,0.775,0.225,1.0
2025-12-11T04:20:15.359332,0.77,0.23,1.0
2025-12-11T04:20:15.962029,0.77,0.23,1.0
2025-12-11T04:20:16.563310,0.77,0.23,1.0
2025-12-11T04:20:17.176728,0.775,0.225,1.0
2025-12-11T04:20:17.783601,0.785,0.215,1.0
2025-12-11T04:20:18.394322,0.79,0.21,1.0
2025-12-11T04:20:19.000459,0.795,0.205,1.0
2025-12-11T04:20:19.607452,0.805,0.195,1.0
2025-12-11T04:20:20.218053,0.8,0.2,1.0
2025-12-11T04:20:20.831902,0.815,0.185,1.0
2025-12-11T04:20:21.441024,0.82,0.185,1.005
2025-12-11T04:20:22.060547,0.815,0.185,1.0
2025-12-11T04:20:22.673992,0.825,0.175,1.0
2025-12-11T04:20:23.282132,0.815,0.185,1.0
2025-12-11T04:20:23.882753,0.815,0.185,1.0
2025-12-11T04:20:24.509537,0.83,0.17,1.0
2025-12-11T04:20:25.123096,0.825,0.175,1.0
2025-12-11T04:20:24.145701,0.835,0.165,1.0
2025-12-11T04:20:24.755212,0.825,0.175,1.0
2025-12-11T04:20:25.367667,0.825,0.175,1.0
2025-12-11T04:20:25.977315,0.815,0.19,1.005
2025-12-11T04:20:26.593726,0.825,0.175,1.0
2025-12-11T04:20:27.212820,0.83,0.17,1.0
2025-12-11T04:20:27.821414,0.835,0.165,1.0
2025-12-11T04:20:28.433341,0.84,0.155,0.995
2025-12-11T04:20:29.045421,0.845,0.155,1.0
2025-12-11T04:20:29.663852,0.845,0.155,1.0
2025-12-11T04:20:30.273547,0.86,0.14,1.0
2025-12-11T04:20:30.887433,0.875,0.125,1.0
2025-12-11T04:20:31.506203,0.875,0.125,1.0
2025-12-11T04:20:32.104599,0.875,0.125,1.0
2025-12-11T04:20:32.720647,0.875,0.125,1.0
2025-12-11T04:20:33.348706,0.88,0.12,1.0
2025-12-11T04:20:33.959764,0.865,0.135,1.0
2025-12-11T04:20:34.561332,0.85,0.15,1.0
2025-12-11T04:20:35.176719,0.845,0.155,1.0
2025-12-11T04:20:35.791838,0.855,0.145,1.0
2025-12-11T04:20:36.410658,0.855,0.145,1.0
2025-12-11T04:20:37.018330,0.855,0.145,1.0
2025-12-11T04:20:37.627810,0.85,0.15,1.0
2025-12-11T04:20:38.321347,0.855,0.145,1.0
2025-12-11T04:20:38.942564,0.855,0.145,1.0
2025-12-11T04:20:39.559614,0.865,0.135,1.0
2025-12-11T04:20:40.153852,0.865,0.135,1.0
2025-12-11T04:20:40.758353,0.865,0.135,1.0
2025-12-11T04:20:41.359403,0.875,0.125,1.0
2025-12-11T04:20:41.971445,0.875,0.125,1.0
2025-12-11T04:20:42.590143,0.875,0.125,1.0
2025-12-11T04:20:43.195619,0.88,0.12,1.0
2025-12-11T04:20:43.801916,0.875,0.125,1.0
2025-12-11T04:20:44.417305,0.875,0.125,1.0
2025-12-11T04:20:45.023980,0.875,0.125,1.0
2025-12-11T04:20:45.634092,0.875,0.125,1.0
2025-12-11T04:20:46.246575,0.895,0.105,1.0
2025-12-11T04:20:46.858656,0.885,0.115,1.0
2025-12-11T04:20:47.469814,0.885,0.115,1.0
2025-12-11T04:20:48.084992,0.885,0.115,1.0
2025-12-11T04:20:48.703886,0.885,0.115,1.0
2025-12-11T04:20:49.317037,0.895,0.105,1.0
2025-12-11T04:20:49.928647,0.885,0.115,1.0
2025-12-11T04:20:50.531789,0.89,0.105,0.995
2025-12-11T04:20:51.126205,0.895,0.105,1.0
2025-12-11T04:20:51.741705,0.895,0.105,1.0
2025-12-11T04:20:52.427395,0.895,0.105,1.0
2025-12-11T04:20:53.037442,0.895,0.105,1.0
2025-12-11T04:20:53.654341,0.895,0.105,1.0
2025-12-11T04:20:54.248486,0.905,0.095,1.0
2025-12-11T04:20:54.856037,0.89,0.11,1.0
2025-12-11T04:20:55.465564,0.885,0.115,1.0
2025-12-11T04:20:56.072972,0.88,0.12,1.0
2025-12-11T04:20:55.092182,0.875,0.125,1.0
2025-12-11T04:20:55.735184,0.88,0.12,1.0
2025-12-11T04:20:56.340143,0.875,0.125,1.0
2025-12-11T04:20:56.940909,0.885,0.115,1.0
2025-12-11T04:20:57.545987,0.885,0.115,1.0
2025-12-11T04:20:58.143432,0.885,0.115,1.0
2025-12-11T04:20:58.751483,0.885,0.115,1.0
2025-12-11T04:20:59.349180,0.875,0.125,1.0
2025-12-11T04:20:59.948198,0.885,0.115,1.0
2025-12-11T04:21:00.549113,0.885,0.115,1.0
2025-12-11T04:21:01.159934,0.885,0.115,1.0
2025-12-11T04:21:01.762618,0.885,0.115,1.0
2025-12-11T04:21:02.364071,0.885,0.115,1.0
2025-12-11T04:21:02.967522,0.88,0.12,1.0
2025-12-11T04:21:03.570120,0.88,0.12,1.0
2025-12-11T04:21:04.187585,0.885,0.115,1.0
2025-12-11T04:21:04.812210,0.885,0.115,1.0
2025-12-11T04:21:05.416302,0.885,0.115,1.0
2025-12-11T04:21:06.021172,0.875,0.125,1.0
2025-12-11T04:21:06.635057,0.855,0.145,1.0
2025-12-11T04:21:07.236695,0.855,0.145,1.0
2025-12-11T04:21:07.841321,0.845,0.155,1.0
2025-12-11T04:21:08.439281,0.855,0.145,1.0
2025-12-11T04:21:09.043872,0.855,0.145,1.0
2025-12-11T04:21:09.646206,0.855,0.145,1.0
2025-12-11T04:21:10.256063,0.845,0.155,1.0
2025-12-11T04:21:10.868554,0.84,0.16,1.0
2025-12-11T04:21:11.498715,0.835,0.165,1.0
2025-12-11T04:21:12.113788,0.83,0.17,1.0
2025-12-11T04:21:12.712266,0.83,0.17,1.0
2025-12-11T04:21:13.313276,0.83,0.165,0.995
2025-12-11T04:21:13.931300,0.835,0.165,1.0
2025-12-11T04:21:14.524714,0.835,0.165,1.0
2025-12-11T04:21:15.130728,0.835,0.165,1.0
2025-12-11T04:21:15.732946,0.83,0.17,1.0
2025-12-11T04:21:16.339771,0.825,0.175,1.0
2025-12-11T04:21:16.950717,0.825,0.175,1.0
2025-12-11T04:21:17.558546,0.825,0.175,1.0
2025-12-11T04:21:18.163449,0.825,0.175,1.0
2025-12-11T04:21:18.764819,0.825,0.175,1.0
2025-12-11T04:21:19.365288,0.825,0.175,1.0
2025-12-11T04:21:19.969048,0.825,0.175,1.0
2025-12-11T04:21:20.577227,0.825,0.175,1.0
2025-12-11T04:21:21.187169,0.825,0.175,1.0
2025-12-11T04:21:21.788640,0.825,0.175,1.0
2025-12-11T04:21:22.392092,0.835,0.165,1.0
2025-12-11T04:21:23.004898,0.835,0.165,1.0
2025-12-11T04:21:23.614733,0.835,0.165,1.0
2025-12-11T04:21:24.212755,0.835,0.165,1.0
2025-12-11T04:21:24.820890,0.825,0.175,1.0
2025-12-11T04:21:25.429615,0.815,0.185,1.0
2025-12-11T04:21:26.038409,0.805,0.195,1.0
2025-12-11T04:21:26.639068,0.815,0.185,1.0
2025-12-11T04:21:25.644665,0.875,0.125,1.0
2025-12-11T04:21:26.243958,0.855,0.145,1.0
2025-12-11T04:21:26.861611,0.85,0.15,1.0
2025-12-11T04:21:27.461578,0.865,0.135,1.0
2025-12-11T04:21:28.070557,0.875,0.125,1.0
2025-12-11T04:21:28.687952,0.895,0.105,1.0
2025-12-11T04:21:29.288634,0.9,0.1,1.0
2025-12-11T04:21:29.908130,0.89,0.11,1.0
2025-12-11T04:21:30.522018,0.875,0.125,1.0
2025-12-11T04:21:31.134156,0.875,0.135,1.01
2025-12-11T04:21:31.740221,0.865,0.135,1.0
2025-12-11T04:21:32.341320,0.865,0.135,1.0
2025-12-11T04:21:32.942067,0.875,0.125,1.0
2025-12-11T04:21:33.553979,0.875,0.125,1.0
2025-12-11T04:21:34.154051,0.875,0.125,1.0
2025-12-11T04:21:34.768617,0.875,0.12,0.995
2025-12-11T04:21:35.376723,0.88,0.12,1.0
2025-12-11T04:21:35.985121,0.875,0.125,1.0
2025-12-11T04:21:36.586199,0.875,0.125,1.0
2025-12-11T04:21:37.186807,0.875,0.125,1.0
2025-12-11T04:21:37.799273,0.88,0.12,1.0
2025-12-11T04:21:38.398903,0.88,0.12,1.0
2025-12-11T04:21:38.997331,0.885,0.115,1.0
2025-12-11T04:21:39.602907,0.875,0.125,1.0
2025-12-11T04:21:40.202307,0.875,0.12,0.995
2025-12-11T04:21:40.811157,0.875,0.125,1.0
2025-12-11T04:21:41.423766,0.875,0.125,1.0
2025-12-11T04:21:42.035448,0.875,0.125,1.0
2025-12-11T04:21:42.648044,0.865,0.135,1.0
2025-12-11T04:21:43.259016,0.865,0.135,1.0
2025-12-11T04:21:43.866931,0.865,0.135,1.0
2025-12-11T04:21:44.476451,0.865,0.135,1.0
2025-12-11T04:21:45.093561,0.86,0.145,1.005
2025-12-11T04:21:45.696755,0.855,0.145,1.0
2025-12-11T04:21:46.308204,0.845,0.155,1.0
2025-12-11T04:21:46.910500,0.845,0.155,1.0
2025-12-11T04:21:47.522342,0.835,0.165,1.0
2025-12-11T04:21:48.138343,0.835,0.165,1.0
2025-12-11T04:21:48.754605,0.84,0.16,1.0
2025-12-11T04:21:49.354667,0.84,0.16,1.0
2025-12-11T04:21:49.970694,0.855,0.145,1.0
2025-12-11T04:21:50.573644,0.855,0.145,1.0
2025-12-11T04:21:51.176656,0.86,0.14,1.0
2025-12-11T04:21:51.801591,0.86,0.14,1.0
2025-12-11T04:21:52.424066,0.845,0.155,1.0
2025-12-11T04:21:53.042286,0.84,0.16,1.0
2025-12-11T04:21:53.658000,0.835,0.165,1.0
2025-12-11T04:21:54.261081,0.84,0.16,1.0
2025-12-11T04:21:54.869816,0.845,0.155,1.0
2025-12-11T04:21:55.475965,0.845,0.155,1.0
2025-12-11T04:21:56.092227,0.845,0.155,1.0
2025-12-11T04:21:56.697024,0.845,0.155,1.0
2025-12-11T04:21:57.296880,0.845,0.155,1.0
2025-12-11T04:21:56.310780,0.845,0.155,1.0
2025-12-11T04:21:56.914301,0.845,0.155,1.0
2025-12-11T04:21:57.515723,0.845,0.155,1.0
2025-12-11T04:21:58.121244,0.845,0.155,1.0
2025-12-11T04:21:58.724427,0.845,0.155,1.0
2025-12-11T04:21:59.332669,0.84,0.16,1.0
2025-12-11T04:21:59.938665,0.84,0.16,1.0
2025-12-11T04:22:00.543586,0.84,0.16,1.0
2025-12-11T04:22:01.158022,0.84,0.16,1.0
2025-12-11T04:22:01.766818,0.84,0.165,1.005
2025-12-11T04:22:02.371129,0.835,0.17,1.005
2025-12-11T04:22:02.975810,0.825,0.175,1.0
2025-12-11T04:22:03.571868,0.825,0.175,1.0
2025-12-11T04:22:04.180211,0.825,0.18,1.005
2025-12-11T04:22:04.782392,0.815,0.185,1.0
2025-12-11T04:22:05.390290,0.82,0.18,1.0
2025-12-11T04:22:06.003322,0.805,0.195,1.0
2025-12-11T04:22:06.607132,0.805,0.195,1.0
2025-12-11T04:22:07.210784,0.805,0.195,1.0
2025-12-11T04:22:07.816902,0.825,0.17,0.995
2025-12-11T04:22:08.415757,0.835,0.165,1.0
2025-12-11T04:22:09.026529,0.835,0.165,1.0
2025-12-11T04:22:09.647763,0.845,0.155,1.0
2025-12-11T04:22:10.248964,0.845,0.155,1.0
2025-12-11T04:22:10.853634,0.845,0.155,1.0
2025-12-11T04:22:11.457921,0.855,0.145,1.0
2025-12-11T04:22:12.064300,0.86,0.14,1.0
2025-12-11T04:22:12.672630,0.865,0.135,1.0
2025-12-11T04:22:13.268661,0.87,0.13,1.0
2025-12-11T04:22:13.869043,0.87,0.13,1.0
2025-12-11T04:22:14.476403,0.865,0.135,1.0
2025-12-11T04:22:15.076412,0.865,0.135,1.0
2025-12-11T04:22:15.677683,0.855,0.145,1.0
2025-12-11T04:22:16.276667,0.855,0.145,1.0
2025-12-11T04:22:16.875347,0.855,0.145,1.0
2025-12-11T04:22:17.478673,0.855,0.145,1.0
2025-12-11T04:22:18.094809,0.86,0.14,1.0
2025-12-11T04:22:18.691352,0.865,0.135,1.0
2025-12-11T04:22:19.302282,0.86,0.14,1.0
2025-12-11T04:22:19.900052,0.855,0.145,1.0
2025-12-11T04:22:20.508213,0.845,0.155,1.0
2025-12-11T04:22:21.154550,0.845,0.155,1.0
2025-12-11T04:22:21.763094,0.845,0.155,1.0
2025-12-11T04:22:22.371426,0.845,0.155,1.0
2025-12-11T04:22:22.983979,0.845,0.155,1.0
2025-12-11T04:22:23.586603,0.845,0.155,1.0
2025-12-11T04:22:24.182727,0.865,0.135,1.0
2025-12-11T04:22:24.784492,0.865,0.135,1.0
2025-12-11T04:22:25.397785,0.865,0.135,1.0
2025-12-11T04:22:26.001357,0.865,0.135,1.0
2025-12-11T04:22:26.631202,0.87,0.13,1.0
2025-12-11T04:22:27.234533,0.875,0.13,1.005
2025-12-11T04:22:27.835730,0.865,0.135,1.0
2025-12-11T04:22:26.854405,0.875,0.125,1.0
2025-12-11T04:22:27.460833,0.88,0.12,1.0
2025-12-11T04:22:28.073437,0.88,0.12,1.0
2025-12-11T04:22:28.678913,0.88,0.125,1.005
2025-12-11T04:22:29.278671,0.86,0.14,1.0
2025-12-11T04:22:29.885114,0.855,0.145,1.0
2025-12-11T04:22:30.486469,0.855,0.145,1.0
2025-12-11T04:22:31.092376,0.855,0.145,1.0
2025-12-11T04:22:31.696263,0.855,0.145,1.0
2025-12-11T04:22:32.301514,0.855,0.145,1.0
2025-12-11T04:22:32.901772,0.87,0.13,1.0
2025-12-11T04:22:33.505054,0.86,0.14,1.0
2025-12-11T04:22:34.108586,0.855,0.145,1.0
2025-12-11T04:22:34.711714,0.85,0.15,1.0
2025-12-11T04:22:35.309984,0.85,0.15,1.0
2025-12-11T04:22:35.917820,0.85,0.15,1.0
2025-12-11T04:22:36.528618,0.855,0.14,0.995
2025-12-11T04:22:37.127506,0.865,0.135,1.0
2025-12-11T04:22:37.726041,0.865,0.135,1.0
2025-12-11T04:22:38.329474,0.87,0.13,1.0
2025-12-11T04:22:38.929031,0.865,0.135,1.0
2025-12-11T04:22:39.529518,0.875,0.125,1.0
2025-12-11T04:22:40.124912,0.875,0.125,1.0
2025-12-11T04:22:40.738038,0.88,0.12,1.0
2025-12-11T04:22:41.335958,0.88,0.12,1.0
2025-12-11T04:22:41.945570,0.88,0.12,1.0
2025-12-11T04:22:42.550569,0.88,0.12,1.0
2025-12-11T04:22:43.151338,0.88,0.12,1.0
2025-12-11T04:22:43.753434,0.88,0.12,1.0
2025-12-11T04:22:44.354241,0.88,0.12,1.0
2025-12-11T04:22:44.962615,0.88,0.12,1.0
2025-12-11T04:22:45.594485,0.88,0.12,1.0
2025-12-11T04:22:46.221195,0.88,0.115,0.995
2025-12-11T04:22:46.819015,0.885,0.115,1.0
2025-12-11T04:22:47.413292,0.89,0.11,1.0
2025-12-11T04:22:48.028488,0.89,0.11,1.0
2025-12-11T04:22:48.637915,0.89,0.11,1.0
2025-12-11T04:22:49.502736,0.895,0.105,1.0
2025-12-11T04:22:50.115079,0.905,0.095,1.0
2025-12-11T04:22:50.721212,0.9,0.1,1.0
2025-12-11T04:22:51.331772,0.9,0.1,1.0
2025-12-11T04:22:51.941473,0.9,0.1,1.0
2025-12-11T04:22:52.550514,0.9,0.1,1.0
2025-12-11T04:22:53.163644,0.905,0.095,1.0
2025-12-11T04:22:53.762233,0.91,0.085,0.995
2025-12-11T04:22:54.374550,0.915,0.085,1.0
2025-12-11T04:22:54.987587,0.915,0.085,1.0
2025-12-11T04:22:55.599537,0.915,0.085,1.0
2025-12-11T04:22:56.215477,0.915,0.085,1.0
2025-12-11T04:22:56.825045,0.935,0.065,1.0
2025-12-11T04:22:57.433759,0.935,0.065,1.0
2025-12-11T04:22:58.044217,0.935,0.065,1.0
2025-12-11T04:22:58.658152,0.935,0.065,1.0
2025-12-11T04:22:57.681802,0.935,0.065,1.0
2025-12-11T04:22:58.346210,0.935,0.065,1.0
2025-12-11T04:22:58.958784,0.935,0.065,1.0
2025-12-11T04:22:59.570852,0.935,0.065,1.0
2025-12-11T04:23:00.178202,0.935,0.065,1.0
2025-12-11T04:23:00.794326,0.935,0.065,1.0
2025-12-11T04:23:01.408552,0.935,0.065,1.0
2025-12-11T04:23:02.016472,0.93,0.065,0.9950000000000001
2025-12-11T04:23:02.613834,0.935,0.065,1.0
2025-12-11T04:23:03.218416,0.935,0.065,1.0
2025-12-11T04:23:03.824545,0.935,0.065,1.0
2025-12-11T04:23:04.441924,0.945,0.055,1.0
2025-12-11T04:23:05.040112,0.945,0.055,1.0
2025-12-11T04:23:05.654963,0.945,0.055,1.0
2025-12-11T04:23:06.249919,0.945,0.055,1.0
2025-12-11T04:23:06.863543,0.965,0.035,1.0
2025-12-11T04:23:07.488498,0.96,0.04,1.0
2025-12-11T04:23:08.098324,0.955,0.045,1.0
2025-12-11T04:23:08.711891,0.955,0.045,1.0
2025-12-11T04:23:09.310720,0.965,0.035,1.0
2025-12-11T04:23:09.925417,0.965,0.035,1.0
2025-12-11T04:23:10.528473,0.965,0.035,1.0
2025-12-11T04:23:11.144013,0.965,0.035,1.0
2025-12-11T04:23:11.752135,0.965,0.035,1.0
2025-12-11T04:23:12.366595,0.965,0.035,1.0
2025-12-11T04:23:12.963873,0.97,0.03,1.0
2025-12-11T04:23:13.574497,0.97,0.03,1.0
2025-12-11T04:23:14.184899,0.97,0.03,1.0
2025-12-11T04:23:14.797639,0.97,0.03,1.0
2025-12-11T04:23:15.402233,0.965,0.035,1.0
2025-12-11T04:23:16.016046,0.97,0.03,1.0
2025-12-11T04:23:16.620554,0.975,0.025,1.0
2025-12-11T04:23:17.233124,0.975,0.025,1.0
2025-12-11T04:23:17.849174,0.975,0.025,1.0
2025-12-11T04:23:18.456129,0.975,0.025,1.0
2025-12-11T04:23:19.078593,0.965,0.035,1.0
2025-12-11T04:23:19.690224,0.965,0.035,1.0
2025-12-11T04:23:20.299761,0.955,0.045,1.0
2025-12-11T04:23:20.892183,0.955,0.045,1.0
2025-12-11T04:23:21.501814,0.955,0.045,1.0
2025-12-11T04:23:22.122738,0.955,0.045,1.0
2025-12-11T04:23:22.740274,0.955,0.045,1.0
2025-12-11T04:23:23.357837,0.955,0.045,1.0
2025-12-11T04:23:23.972043,0.955,0.045,1.0
2025-12-11T04:23:24.587204,0.965,0.035,1.0
2025-12-11T04:23:25.216433,0.965,0.035,1.0
2025-12-11T04:23:25.830697,0.965,0.035,1.0
2025-12-11T04:23:26.439783,0.965,0.035,1.0
2025-12-11T04:23:27.047527,0.965,0.035,1.0
2025-12-11T04:23:27.643089,0.965,0.035,1.0
2025-12-11T04:23:28.244136,0.955,0.045,1.0
2025-12-11T04:23:28.857972,0.96,0.04,1.0
2025-12-11T04:23:29.465371,0.96,0.04,1.0
2025-12-11T04:23:28.482918,0.96,0.04,1.0
2025-12-11T04:23:29.094935,0.955,0.045,1.0
2025-12-11T04:23:29.711035,0.96,0.04,1.0
2025-12-11T04:23:30.328834,0.96,0.04,1.0
2025-12-11T04:23:30.934574,0.96,0.04,1.0
2025-12-11T04:23:31.548006,0.955,0.045,1.0
2025-12-11T04:23:32.155392,0.945,0.05,0.995
2025-12-11T04:23:32.777049,0.945,0.055,1.0
2025-12-11T04:23:33.389279,0.95,0.05,1.0
2025-12-11T04:23:34.007190,0.945,0.055,1.0
2025-12-11T04:23:34.635459,0.945,0.055,1.0
2025-12-11T04:23:35.251666,0.95,0.05,1.0
2025-12-11T04:23:35.864799,0.95,0.05,1.0
2025-12-11T04:23:36.467585,0.955,0.045,1.0
2025-12-11T04:23:37.075877,0.955,0.045,1.0
2025-12-11T04:23:37.674013,0.95,0.05,1.0
2025-12-11T04:23:38.289223,0.95,0.05,1.0
2025-12-11T04:23:38.898562,0.955,0.045,1.0
2025-12-11T04:23:39.504563,0.955,0.045,1.0
2025-12-11T04:23:40.115489,0.955,0.045,1.0
2025-12-11T04:23:40.716741,0.955,0.045,1.0
2025-12-11T04:23:41.327440,0.965,0.035,1.0
2025-12-11T04:23:41.939455,0.965,0.035,1.0
2025-12-11T04:23:42.554154,0.965,0.035,1.0
2025-12-11T04:23:43.168130,0.965,0.035,1.0
2025-12-11T04:23:43.776528,0.965,0.035,1.0
2025-12-11T04:23:44.386344,0.965,0.035,1.0
2025-12-11T04:23:45.006896,0.965,0.035,1.0
2025-12-11T04:23:45.612448,0.965,0.035,1.0
2025-12-11T04:23:46.254834,0.965,0.035,1.0
2025-12-11T04:23:46.864859,0.965,0.035,1.0
2025-12-11T04:23:47.468494,0.965,0.035,1.0
2025-12-11T04:23:48.102605,0.965,0.035,1.0
2025-12-11T04:23:48.720798,0.965,0.035,1.0
2025-12-11T04:23:49.333520,0.965,0.035,1.0
2025-12-11T04:23:49.945405,0.965,0.035,1.0
2025-12-11T04:23:50.565270,0.965,0.025,0.99
2025-12-11T04:23:51.171814,0.965,0.035,1.0
2025-12-11T04:23:51.789585,0.975,0.025,1.0
2025-12-11T04:23:52.406179,0.965,0.035,1.0
2025-12-11T04:23:53.040075,0.965,0.035,1.0
2025-12-11T04:23:53.649832,0.97,0.03,1.0
2025-12-11T04:23:54.258285,0.97,0.03,1.0
2025-12-11T04:23:54.878475,0.97,0.03,1.0
2025-12-11T04:23:55.480021,0.97,0.03,1.0
2025-12-11T04:23:56.088848,0.975,0.025,1.0
2025-12-11T04:23:56.694211,0.97,0.03,1.0
2025-12-11T04:23:57.302598,0.97,0.03,1.0
2025-12-11T04:23:57.917943,0.97,0.03,1.0
2025-12-11T04:23:58.540701,0.975,0.025,1.0
2025-12-11T04:23:59.214356,0.98,0.015,0.995
2025-12-11T04:23:59.819559,0.98,0.02,1.0
2025-12-11T04:23:58.841339,0.98,0.02,1.0
2025-12-11T04:23:59.461695,0.98,0.02,1.0
2025-12-11T04:24:00.069896,0.98,0.02,1.0
2025-12-11T04:24:00.664388,0.98,0.02,1.0
2025-12-11T04:24:01.274452,0.985,0.015,1.0
2025-12-11T04:24:01.877979,0.98,0.02,1.0
2025-12-11T04:24:02.491481,0.98,0.025,1.005
2025-12-11T04:24:03.107093,0.97,0.03,1.0
2025-12-11T04:24:03.722990,0.97,0.03,1.0
2025-12-11T04:24:04.331902,0.97,0.03,1.0
2025-12-11T04:24:04.925268,0.965,0.035,1.0
2025-12-11T04:24:05.540546,0.975,0.025,1.0
2025-12-11T04:24:06.149718,0.965,0.035,1.0
2025-12-11T04:24:06.762916,0.965,0.035,1.0
2025-12-11T04:24:07.374150,0.975,0.025,1.0
2025-12-11T04:24:07.983903,0.975,0.025,1.0
2025-12-11T04:24:08.595645,0.98,0.02,1.0
2025-12-11T04:24:09.203958,0.98,0.02,1.0
2025-12-11T04:24:09.808444,0.98,0.02,1.0
2025-12-11T04:24:10.408736,0.98,0.02,1.0
2025-12-11T04:24:11.024086,0.98,0.02,1.0
2025-12-11T04:24:11.634030,0.98,0.02,1.0
2025-12-11T04:24:12.247869,0.98,0.02,1.0
2025-12-11T04:24:12.858641,0.975,0.025,1.0
2025-12-11T04:24:13.473585,0.975,0.025,1.0
2025-12-11T04:24:14.099899,0.975,0.025,1.0
2025-12-11T04:24:14.730257,0.985,0.015,1.0
2025-12-11T04:24:15.330652,0.985,0.015,1.0
2025-12-11T04:24:15.945758,0.985,0.015,1.0
2025-12-11T04:24:16.559728,0.985,0.015,1.0
2025-12-11T04:24:17.174937,0.975,0.025,1.0
2025-12-11T04:24:17.781253,0.975,0.025,1.0
2025-12-11T04:24:18.395340,0.975,0.025,1.0
2025-12-11T04:24:19.009582,0.975,0.025,1.0
2025-12-11T04:24:19.622720,0.975,0.025,1.0
2025-12-11T04:24:20.227932,0.975,0.025,1.0
2025-12-11T04:24:20.840233,0.975,0.025,1.0
2025-12-11T04:24:21.448716,0.975,0.025,1.0
2025-12-11T04:24:22.067658,0.975,0.025,1.0
2025-12-11T04:24:22.690690,0.975,0.025,1.0
2025-12-11T04:24:23.317557,0.975,0.025,1.0
2025-12-11T04:24:23.928934,0.975,0.025,1.0
2025-12-11T04:24:24.540098,0.975,0.025,1.0
2025-12-11T04:24:25.147567,0.975,0.025,1.0
2025-12-11T04:24:25.757160,0.975,0.025,1.0
2025-12-11T04:24:26.366354,0.975,0.025,1.0
2025-12-11T04:24:26.975643,0.975,0.025,1.0
2025-12-11T04:24:27.583828,0.975,0.025,1.0
2025-12-11T04:24:28.203164,0.975,0.025,1.0
2025-12-11T04:24:28.835836,0.975,0.025,1.0
2025-12-11T04:24:29.446543,0.975,0.025,1.0
2025-12-11T04:24:30.057578,0.975,0.025,1.0
2025-12-11T04:24:30.652805,0.975,0.025,1.0
2025-12-11T04:24:29.652251,0.975,0.025,1.0
2025-12-11T04:24:30.267334,0.97,0.03,1.0
2025-12-11T04:24:30.876016,0.965,0.035,1.0
2025-12-11T04:24:31.483628,0.965,0.035,1.0
2025-12-11T04:24:32.092414,0.965,0.035,1.0
2025-12-11T04:24:32.699322,0.965,0.035,1.0
2025-12-11T04:24:33.304209,0.965,0.035,1.0
2025-12-11T04:24:33.925837,0.965,0.035,1.0
2025-12-11T04:24:34.531087,0.965,0.035,1.0
2025-12-11T04:24:35.148438,0.965,0.035,1.0
2025-12-11T04:24:35.746595,0.965,0.035,1.0
2025-12-11T04:24:36.347683,0.965,0.035,1.0
2025-12-11T04:24:36.955805,0.965,0.035,1.0
2025-12-11T04:24:37.564105,0.965,0.035,1.0
2025-12-11T04:24:38.170518,0.965,0.035,1.0
2025-12-11T04:24:38.781032,0.965,0.035,1.0
2025-12-11T04:24:39.389168,0.955,0.045,1.0
2025-12-11T04:24:39.990142,0.955,0.045,1.0
2025-12-11T04:24:40.624734,0.955,0.045,1.0
2025-12-11T04:24:41.234836,0.955,0.045,1.0
2025-12-11T04:24:41.850220,0.945,0.055,1.0
2025-12-11T04:24:42.447983,0.945,0.055,1.0
2025-12-11T04:24:43.060425,0.945,0.055,1.0
2025-12-11T04:24:43.676247,0.955,0.065,1.02
2025-12-11T04:24:44.282587,0.955,0.045,1.0
2025-12-11T04:24:44.904155,0.955,0.045,1.0
2025-12-11T04:24:45.517019,0.96,0.04,1.0
2025-12-11T04:24:46.129839,0.955,0.045,1.0
2025-12-11T04:24:46.745505,0.95,0.05,1.0
2025-12-11T04:24:47.357787,0.96,0.04,1.0
2025-12-11T04:24:47.974233,0.945,0.055,1.0
2025-12-11T04:24:48.596756,0.945,0.055,1.0
2025-12-11T04:24:49.209313,0.945,0.055,1.0
2025-12-11T04:24:49.825499,0.945,0.055,1.0
2025-12-11T04:24:50.429113,0.955,0.045,1.0
2025-12-11T04:24:51.044742,0.955,0.045,1.0
2025-12-11T04:24:51.655264,0.955,0.045,1.0
2025-12-11T04:24:52.260487,0.955,0.045,1.0
2025-12-11T04:24:52.883422,0.955,0.045,1.0
2025-12-11T04:24:53.494080,0.955,0.045,1.0
2025-12-11T04:24:54.105217,0.955,0.045,1.0
2025-12-11T04:24:54.715391,0.955,0.045,1.0
2025-12-11T04:24:55.325515,0.955,0.045,1.0
2025-12-11T04:24:55.953617,0.955,0.045,1.0
2025-12-11T04:24:56.551627,0.955,0.045,1.0
2025-12-11T04:24:57.170586,0.955,0.045,1.0
2025-12-11T04:24:57.835998,0.955,0.045,1.0
2025-12-11T04:24:58.443836,0.955,0.045,1.0
2025-12-11T04:24:59.037619,0.955,0.045,1.0
2025-12-11T04:24:59.649588,0.965,0.035,1.0
2025-12-11T04:25:00.249208,0.965,0.035,1.0
2025-12-11T04:25:00.855331,0.965,0.035,1.0
2025-12-11T04:25:01.448264,0.965,0.035,1.0
2025-12-11T04:25:00.462481,0.965,0.035,1.0
2025-12-11T04:25:01.070080,0.965,0.035,1.0
2025-12-11T04:25:01.685251,0.975,0.025,1.0
2025-12-11T04:25:02.299726,0.975,0.025,1.0
2025-12-11T04:25:02.912183,0.975,0.025,1.0
2025-12-11T04:25:03.513910,0.975,0.025,1.0
2025-12-11T04:25:04.128529,0.975,0.02,0.995
2025-12-11T04:25:04.735950,0.98,0.02,1.0
2025-12-11T04:25:05.342522,0.98,0.025,1.005
2025-12-11T04:25:05.964842,0.975,0.025,1.0
2025-12-11T04:25:06.560471,0.985,0.015,1.0
2025-12-11T04:25:07.178700,0.985,0.015,1.0
2025-12-11T04:25:07.793335,0.985,0.015,1.0
2025-12-11T04:25:08.404554,0.985,0.015,1.0
2025-12-11T04:25:09.025444,0.985,0.015,1.0
2025-12-11T04:25:09.631882,0.985,0.025,1.01
2025-12-11T04:25:10.247022,0.975,0.025,1.0
2025-12-11T04:25:10.857286,0.975,0.025,1.0
2025-12-11T04:25:11.473772,0.975,0.025,1.0
2025-12-11T04:25:12.084250,0.975,0.025,1.0
2025-12-11T04:25:12.696013,0.975,0.025,1.0
2025-12-11T04:25:13.303352,0.965,0.035,1.0
2025-12-11T04:25:13.912624,0.965,0.025,0.99
2025-12-11T04:25:14.518018,0.975,0.025,1.0
2025-12-11T04:25:15.115111,0.975,0.03,1.005
2025-12-11T04:25:15.716776,0.965,0.035,1.0
2025-12-11T04:25:16.314394,0.965,0.035,1.0
2025-12-11T04:25:16.914307,0.965,0.035,1.0
2025-12-11T04:25:17.523777,0.96,0.04,1.0
2025-12-11T04:25:18.128936,0.965,0.035,1.0
2025-12-11T04:25:18.725329,0.965,0.035,1.0
2025-12-11T04:25:19.325283,0.97,0.03,1.0
2025-12-11T04:25:19.924368,0.975,0.025,1.0
2025-12-11T04:25:20.538442,0.97,0.03,1.0
2025-12-11T04:25:21.138652,0.97,0.03,1.0
2025-12-11T04:25:21.747904,0.97,0.03,1.0
2025-12-11T04:25:22.348711,0.97,0.03,1.0
2025-12-11T04:25:22.956956,0.97,0.035,1.005
2025-12-11T04:25:23.565386,0.965,0.035,1.0
2025-12-11T04:25:24.194683,0.965,0.035,1.0
2025-12-11T04:25:24.795429,0.965,0.035,1.0
2025-12-11T04:25:25.401498,0.965,0.035,1.0
2025-12-11T04:25:26.009270,0.965,0.035,1.0
2025-12-11T04:25:26.615389,0.965,0.035,1.0
2025-12-11T04:25:27.217101,0.965,0.035,1.0
2025-12-11T04:25:27.818533,0.965,0.035,1.0
2025-12-11T04:25:28.421860,0.965,0.035,1.0
2025-12-11T04:25:29.018642,0.965,0.035,1.0
2025-12-11T04:25:29.626469,0.965,0.035,1.0
2025-12-11T04:25:30.229220,0.965,0.035,1.0
2025-12-11T04:25:30.829627,0.965,0.035,1.0
2025-12-11T04:25:31.429228,0.965,0.035,1.0
2025-12-11T04:25:32.036366,0.965,0.035,1.0
2025-12-11T04:25:31.078009,0.965,0.035,1.0
2025-12-11T04:25:31.686472,0.965,0.035,1.0
2025-12-11T04:25:32.297827,0.965,0.035,1.0
2025-12-11T04:25:32.897632,0.965,0.035,1.0
2025-12-11T04:25:33.499899,0.965,0.035,1.0
2025-12-11T04:25:34.113343,0.965,0.035,1.0
2025-12-11T04:25:34.721162,0.965,0.03,0.995
2025-12-11T04:25:35.331669,0.975,0.025,1.0
2025-12-11T04:25:35.925241,0.975,0.025,1.0
2025-12-11T04:25:36.528060,0.975,0.025,1.0
2025-12-11T04:25:37.125572,0.975,0.025,1.0
2025-12-11T04:25:37.731952,0.975,0.025,1.0
2025-12-11T04:25:38.333786,0.975,0.025,1.0
2025-12-11T04:25:38.959724,0.975,0.025,1.0
2025-12-11T04:25:39.560159,0.975,0.025,1.0
2025-12-11T04:25:40.164789,0.975,0.025,1.0
2025-12-11T04:25:40.771859,0.975,0.025,1.0
2025-12-11T04:25:41.381018,0.975,0.025,1.0
2025-12-11T04:25:41.993289,0.975,0.025,1.0
2025-12-11T04:25:42.599342,0.975,0.025,1.0
2025-12-11T04:25:43.192391,0.975,0.025,1.0
2025-12-11T04:25:43.789928,0.975,0.025,1.0
2025-12-11T04:25:44.393112,0.975,0.025,1.0
2025-12-11T04:25:45.012371,0.975,0.025,1.0
2025-12-11T04:25:45.621080,0.975,0.025,1.0
2025-12-11T04:25:46.227483,0.975,0.025,1.0
2025-12-11T04:25:46.836014,0.975,0.025,1.0
2025-12-11T04:25:47.439056,0.975,0.025,1.0
2025-12-11T04:25:48.039512,0.975,0.025,1.0
2025-12-11T04:25:48.703012,0.975,0.025,1.0
2025-12-11T04:25:49.311739,0.975,0.025,1.0
2025-12-11T04:25:49.926630,0.975,0.025,1.0
2025-12-11T04:25:50.528627,0.975,0.025,1.0
2025-12-11T04:25:51.133667,0.975,0.025,1.0
2025-12-11T04:25:51.728265,0.975,0.025,1.0
2025-12-11T04:25:52.338297,0.975,0.025,1.0
2025-12-11T04:25:52.940665,0.975,0.025,1.0
2025-12-11T04:25:53.541065,0.975,0.025,1.0
2025-12-11T04:25:54.147750,0.975,0.025,1.0
2025-12-11T04:25:54.747882,0.975,0.025,1.0
2025-12-11T04:25:55.348868,0.975,0.025,1.0
2025-12-11T04:25:55.954263,0.975,0.025,1.0
2025-12-11T04:25:56.557359,0.975,0.025,1.0
2025-12-11T04:25:57.162908,0.975,0.025,1.0
2025-12-11T04:25:57.764867,0.975,0.025,1.0
2025-12-11T04:25:58.368424,0.975,0.025,1.0
2025-12-11T04:25:58.970109,0.975,0.025,1.0
2025-12-11T04:25:59.576459,0.985,0.015,1.0
2025-12-11T04:26:00.181585,0.985,0.015,1.0
2025-12-11T04:26:00.788299,0.985,0.015,1.0
2025-12-11T04:26:01.392837,0.97,0.03,1.0
2025-12-11T04:26:01.996120,0.97,0.03,1.0
2025-12-11T04:26:02.602157,0.975,0.025,1.0
2025-12-11T04:26:01.625583,0.965,0.035,1.0
2025-12-11T04:26:02.231202,0.965,0.035,1.0
2025-12-11T04:26:02.826605,0.97,0.03,1.0
2025-12-11T04:26:03.427349,0.97,0.03,1.0
2025-12-11T04:26:04.030622,0.97,0.03,1.0
2025-12-11T04:26:04.631958,0.97,0.03,1.0
2025-12-11T04:26:05.233877,0.965,0.035,1.0
2025-12-11T04:26:05.835198,0.965,0.035,1.0
2025-12-11T04:26:06.437332,0.975,0.025,1.0
2025-12-11T04:26:07.041185,0.975,0.025,1.0
2025-12-11T04:26:07.639637,0.975,0.025,1.0
2025-12-11T04:26:08.244565,0.975,0.025,1.0
2025-12-11T04:26:08.857614,0.975,0.025,1.0
2025-12-11T04:26:09.453797,0.97,0.03,1.0
2025-12-11T04:26:10.053852,0.965,0.035,1.0
2025-12-11T04:26:10.668099,0.965,0.035,1.0
2025-12-11T04:26:11.270061,0.965,0.03,0.995
2025-12-11T04:26:11.876449,0.975,0.025,1.0
2025-12-11T04:26:12.479609,0.975,0.025,1.0
2025-12-11T04:26:13.085909,0.975,0.025,1.0
2025-12-11T04:26:13.697501,0.975,0.025,1.0
2025-12-11T04:26:14.313126,0.975,0.025,1.0
2025-12-11T04:26:14.917732,0.975,0.025,1.0
2025-12-11T04:26:15.518962,0.975,0.025,1.0
2025-12-11T04:26:16.122434,0.97,0.03,1.0
2025-12-11T04:26:16.734270,0.97,0.03,1.0
2025-12-11T04:26:17.336005,0.965,0.035,1.0
2025-12-11T04:26:17.946328,0.965,0.035,1.0
2025-12-11T04:26:18.556885,0.965,0.035,1.0
2025-12-11T04:26:19.176856,0.96,0.045,1.005
2025-12-11T04:26:19.786535,0.955,0.045,1.0
2025-12-11T04:26:20.397133,0.96,0.04,1.0
2025-12-11T04:26:21.012384,0.96,0.04,1.0
2025-12-11T04:26:21.629831,0.965,0.035,1.0
2025-12-11T04:26:22.227383,0.955,0.045,1.0
2025-12-11T04:26:22.832058,0.955,0.045,1.0
2025-12-11T04:26:23.429335,0.955,0.045,1.0
2025-12-11T04:26:24.042019,0.96,0.045,1.005
2025-12-11T04:26:24.644121,0.955,0.045,1.0
2025-12-11T04:26:25.251474,0.96,0.04,1.0
2025-12-11T04:26:25.851619,0.96,0.04,1.0
2025-12-11T04:26:26.469297,0.965,0.035,1.0
2025-12-11T04:26:27.073453,0.965,0.035,1.0
2025-12-11T04:26:27.691756,0.965,0.035,1.0
2025-12-11T04:26:28.298077,0.98,0.02,1.0
2025-12-11T04:26:28.905014,0.965,0.035,1.0
2025-12-11T04:26:29.509314,0.965,0.035,1.0
2025-12-11T04:26:30.121574,0.955,0.045,1.0
2025-12-11T04:26:30.724199,0.95,0.05,1.0
2025-12-11T04:26:31.327063,0.95,0.05,1.0
2025-12-11T04:26:31.927896,0.945,0.055,1.0
2025-12-11T04:26:32.542908,0.945,0.055,1.0
2025-12-11T04:26:33.151556,0.945,0.055,1.0
2025-12-11T04:26:32.155780,0.945,0.055,1.0
2025-12-11T04:26:32.757103,0.945,0.055,1.0
2025-12-11T04:26:33.362268,0.945,0.055,1.0
2025-12-11T04:26:33.966645,0.945,0.055,1.0
2025-12-11T04:26:34.574072,0.945,0.055,1.0
2025-12-11T04:26:35.186051,0.945,0.055,1.0
2025-12-11T04:26:35.795506,0.955,0.045,1.0
2025-12-11T04:26:36.399057,0.955,0.045,1.0
2025-12-11T04:26:37.001926,0.955,0.045,1.0
2025-12-11T04:26:37.608155,0.955,0.045,1.0
2025-12-11T04:26:38.210063,0.955,0.045,1.0
2025-12-11T04:26:38.816663,0.955,0.045,1.0
2025-12-11T04:26:39.424095,0.955,0.045,1.0
2025-12-11T04:26:40.033382,0.955,0.045,1.0
2025-12-11T04:26:40.631377,0.95,0.05,1.0
2025-12-11T04:26:41.229759,0.95,0.05,1.0
2025-12-11T04:26:41.829326,0.95,0.05,1.0
2025-12-11T04:26:42.448621,0.96,0.04,1.0
2025-12-11T04:26:43.060856,0.96,0.04,1.0
2025-12-11T04:26:43.671439,0.96,0.04,1.0
2025-12-11T04:26:44.285692,0.96,0.04,1.0
2025-12-11T04:26:44.888658,0.965,0.035,1.0
2025-12-11T04:26:45.504869,0.965,0.035,1.0
2025-12-11T04:26:46.117398,0.965,0.035,1.0
2025-12-11T04:26:46.732081,0.965,0.035,1.0
2025-12-11T04:26:47.343368,0.965,0.035,1.0
2025-12-11T04:26:47.967959,0.965,0.035,1.0
2025-12-11T04:26:48.583308,0.96,0.04,1.0
2025-12-11T04:26:49.201124,0.96,0.04,1.0
2025-12-11T04:26:49.798050,0.96,0.04,1.0
2025-12-11T04:26:50.411982,0.96,0.04,1.0
2025-12-11T04:26:51.008489,0.965,0.035,1.0
2025-12-11T04:26:51.605302,0.965,0.035,1.0
2025-12-11T04:26:52.216329,0.965,0.035,1.0
2025-12-11T04:26:52.822164,0.965,0.035,1.0
2025-12-11T04:26:53.438233,0.965,0.035,1.0
2025-12-11T04:26:54.054729,0.965,0.035,1.0
2025-12-11T04:26:54.665423,0.965,0.035,1.0
2025-12-11T04:26:55.261191,0.965,0.035,1.0
2025-12-11T04:26:55.872115,0.97,0.03,1.0
2025-12-11T04:26:56.483421,0.97,0.03,1.0
2025-12-11T04:26:57.082751,0.975,0.025,1.0
2025-12-11T04:26:57.699647,0.97,0.03,1.0
2025-12-11T04:26:58.314171,0.975,0.025,1.0
2025-12-11T04:26:58.926297,0.975,0.03,1.005
2025-12-11T04:26:59.532543,0.97,0.03,1.0
2025-12-11T04:27:00.140791,0.97,0.03,1.0
2025-12-11T04:27:00.758692,0.965,0.035,1.0
2025-12-11T04:27:01.370715,0.97,0.03,1.0
2025-12-11T04:27:01.977210,0.965,0.035,1.0
2025-12-11T04:27:02.595962,0.965,0.035,1.0
2025-12-11T04:27:03.211600,0.965,0.035,1.0
2025-12-11T04:27:03.826744,0.975,0.025,1.0
2025-12-11T04:27:02.849462,0.975,0.025,1.0
2025-12-11T04:27:03.463111,0.975,0.025,1.0
2025-12-11T04:27:04.067547,0.975,0.025,1.0
2025-12-11T04:27:04.680590,0.975,0.025,1.0
2025-12-11T04:27:05.290647,0.975,0.025,1.0
2025-12-11T04:27:05.900478,0.975,0.025,1.0
2025-12-11T04:27:06.514221,0.975,0.025,1.0
2025-12-11T04:27:07.123004,0.975,0.025,1.0
2025-12-11T04:27:07.738575,0.975,0.025,1.0
2025-12-11T04:27:08.346342,0.985,0.015,1.0
2025-12-11T04:27:08.957647,0.985,0.015,1.0
2025-12-11T04:27:09.564391,0.985,0.015,1.0
2025-12-11T04:27:10.160330,0.975,0.025,1.0
2025-12-11T04:27:11.035851,0.975,0.025,1.0
2025-12-11T04:27:11.656168,0.975,0.025,1.0
2025-12-11T04:27:12.259700,0.975,0.025,1.0
2025-12-11T04:27:12.872089,0.975,0.025,1.0
2025-12-11T04:27:13.490589,0.975,0.025,1.0
2025-12-11T04:27:14.108071,0.975,0.025,1.0
2025-12-11T04:27:14.721887,0.975,0.025,1.0
2025-12-11T04:27:15.330077,0.975,0.025,1.0
2025-12-11T04:27:15.939769,0.975,0.025,1.0
2025-12-11T04:27:16.546762,0.975,0.025,1.0
2025-12-11T04:27:17.160767,0.975,0.025,1.0
2025-12-11T04:27:17.773547,0.975,0.025,1.0
2025-12-11T04:27:18.390387,0.975,0.025,1.0
2025-12-11T04:27:19.003431,0.975,0.025,1.0
2025-12-11T04:27:19.619888,0.975,0.025,1.0
2025-12-11T04:27:20.223691,0.975,0.025,1.0
2025-12-11T04:27:20.824319,0.985,0.015,1.0
2025-12-11T04:27:21.436389,0.975,0.025,1.0
2025-12-11T04:27:22.050682,0.975,0.025,1.0
2025-12-11T04:27:22.663030,0.975,0.025,1.0
2025-12-11T04:27:23.270555,0.975,0.025,1.0
2025-12-11T04:27:23.876232,0.975,0.025,1.0
2025-12-11T04:27:24.483759,0.975,0.025,1.0
2025-12-11T04:27:25.099019,0.975,0.025,1.0
2025-12-11T04:27:25.710193,0.975,0.025,1.0
2025-12-11T04:27:26.323490,0.975,0.025,1.0
2025-12-11T04:27:26.919330,0.975,0.025,1.0
2025-12-11T04:27:27.562754,0.975,0.025,1.0
2025-12-11T04:27:28.169926,0.975,0.025,1.0
2025-12-11T04:27:28.788403,0.975,0.025,1.0
2025-12-11T04:27:29.401707,0.975,0.025,1.0
2025-12-11T04:27:30.017958,0.975,0.025,1.0
2025-12-11T04:27:30.693604,0.975,0.025,1.0
2025-12-11T04:27:31.300987,0.975,0.025,1.0
2025-12-11T04:27:31.912988,0.975,0.025,1.0
2025-12-11T04:27:32.533061,0.985,0.015,1.0
2025-12-11T04:27:33.128830,0.985,0.015,1.0
2025-12-11T04:27:33.741465,0.985,0.015,1.0
2025-12-11T04:27:34.356349,0.985,0.015,1.0
2025-12-11T04:27:33.392232,0.985,0.015,1.0
2025-12-11T04:27:34.012330,0.985,0.015,1.0
2025-12-11T04:27:34.633814,0.985,0.015,1.0
2025-12-11T04:27:35.244601,0.985,0.015,1.0
2025-12-11T04:27:35.848849,0.98,0.02,1.0
2025-12-11T04:27:36.458641,0.98,0.02,1.0
2025-12-11T04:27:37.057829,0.98,0.02,1.0
2025-12-11T04:27:37.656475,0.975,0.025,1.0
2025-12-11T04:27:38.259323,0.975,0.025,1.0
2025-12-11T04:27:38.860514,0.975,0.025,1.0
2025-12-11T04:27:39.464545,0.975,0.025,1.0
2025-12-11T04:27:40.069620,0.97,0.03,1.0
2025-12-11T04:27:40.678776,0.97,0.03,1.0
2025-12-11T04:27:41.275504,0.97,0.03,1.0
2025-12-11T04:27:41.879902,0.97,0.03,1.0
2025-12-11T04:27:42.494023,0.97,0.03,1.0
2025-12-11T04:27:43.100131,0.97,0.03,1.0
2025-12-11T04:27:43.693081,0.97,0.03,1.0
2025-12-11T04:27:44.295833,0.97,0.03,1.0
2025-12-11T04:27:44.910849,0.97,0.03,1.0
2025-12-11T04:27:45.512999,0.985,0.015,1.0
2025-12-11T04:27:46.113687,0.985,0.015,1.0
2025-12-11T04:27:46.719509,0.975,0.025,1.0
2025-12-11T04:27:47.323161,0.97,0.03,1.0
2025-12-11T04:27:47.923810,0.965,0.035,1.0
2025-12-11T04:27:48.523115,0.965,0.035,1.0
2025-12-11T04:27:49.133822,0.955,0.045,1.0
2025-12-11T04:27:49.730300,0.955,0.045,1.0
2025-12-11T04:27:50.331787,0.955,0.045,1.0
2025-12-11T04:27:50.935844,0.955,0.045,1.0
2025-12-11T04:27:51.564203,0.955,0.045,1.0
2025-12-11T04:27:52.164857,0.945,0.055,1.0
2025-12-11T04:27:52.769861,0.945,0.055,1.0
2025-12-11T04:27:53.380128,0.945,0.055,1.0
2025-12-11T04:27:53.979815,0.955,0.05,1.005
2025-12-11T04:27:54.580356,0.945,0.045,0.99
2025-12-11T04:27:55.189102,0.945,0.055,1.0
2025-12-11T04:27:55.796526,0.945,0.055,1.0
2025-12-11T04:27:56.399702,0.945,0.055,1.0
2025-12-11T04:27:57.006619,0.945,0.055,1.0
2025-12-11T04:27:57.615716,0.945,0.055,1.0
2025-12-11T04:27:58.221952,0.945,0.055,1.0
2025-12-11T04:27:58.827424,0.945,0.055,1.0
2025-12-11T04:27:59.438059,0.945,0.055,1.0
2025-12-11T04:28:00.047350,0.94,0.06,1.0
2025-12-11T04:28:00.637968,0.94,0.06,1.0
2025-12-11T04:28:01.249739,0.945,0.055,1.0
2025-12-11T04:28:01.865805,0.95,0.05,1.0
2025-12-11T04:28:02.471173,0.95,0.05,1.0
2025-12-11T04:28:03.074591,0.95,0.055,1.005
2025-12-11T04:28:03.670479,0.935,0.065,1.0
2025-12-11T04:28:04.265043,0.945,0.055,1.0
2025-12-11T04:28:04.862619,0.945,0.055,1.0
2025-12-11T04:28:05.479219,0.945,0.055,1.0
2025-12-11T04:28:04.494001,0.94,0.06,1.0
2025-12-11T04:28:05.095626,0.925,0.075,1.0
2025-12-11T04:28:05.705645,0.935,0.065,1.0
2025-12-11T04:28:06.318136,0.935,0.055,0.9900000000000001
2025-12-11T04:28:06.922800,0.94,0.065,1.005
2025-12-11T04:28:07.535985,0.935,0.065,1.0
2025-12-11T04:28:08.131433,0.93,0.07,1.0
2025-12-11T04:28:08.738705,0.93,0.07,1.0
2025-12-11T04:28:09.352508,0.93,0.07,1.0
2025-12-11T04:28:09.961700,0.925,0.075,1.0
2025-12-11T04:28:10.575008,0.925,0.075,1.0
2025-12-11T04:28:11.178774,0.935,0.065,1.0
2025-12-11T04:28:11.785452,0.94,0.06,1.0
2025-12-11T04:28:12.388067,0.925,0.085,1.01
2025-12-11T04:28:12.984688,0.915,0.085,1.0
2025-12-11T04:28:13.583713,0.905,0.095,1.0
2025-12-11T04:28:14.186335,0.885,0.115,1.0
2025-12-11T04:28:14.792148,0.965,0.125,1.0899999999999999
2025-12-11T04:28:15.394587,0.875,0.12,0.995
2025-12-11T04:28:15.996589,0.88,0.12,1.0
2025-12-11T04:28:16.598133,0.865,0.135,1.0
2025-12-11T04:28:17.191749,0.855,0.145,1.0
2025-12-11T04:28:17.787024,0.855,0.145,1.0
2025-12-11T04:28:18.389618,0.845,0.155,1.0
2025-12-11T04:28:18.998382,0.845,0.155,1.0
2025-12-11T04:28:19.615131,0.84,0.16,1.0
2025-12-11T04:28:20.224919,0.825,0.175,1.0
2025-12-11T04:28:20.836768,0.825,0.175,1.0
2025-12-11T04:28:21.443457,0.825,0.175,1.0
2025-12-11T04:28:22.041488,0.835,0.165,1.0
2025-12-11T04:28:22.641860,0.825,0.175,1.0
2025-12-11T04:28:23.247384,0.815,0.175,0.99
2025-12-11T04:28:23.851301,0.805,0.17,0.9750000000000001
2025-12-11T04:28:24.461676,0.855,0.145,1.0
2025-12-11T04:28:25.068680,0.865,0.135,1.0
2025-12-11T04:28:25.673173,0.86,0.135,0.995
2025-12-11T04:28:26.275779,0.865,0.135,1.0
2025-12-11T04:28:26.878801,0.86,0.135,0.995
2025-12-11T04:28:27.499017,0.875,0.125,1.0
2025-12-11T04:28:28.106411,0.865,0.135,1.0
2025-12-11T04:28:28.716373,0.875,0.125,1.0
2025-12-11T04:28:29.327404,0.87,0.125,0.995
2025-12-11T04:28:29.944003,0.87,0.125,0.995
2025-12-11T04:28:30.551570,0.875,0.125,1.0
2025-12-11T04:28:31.158981,0.88,0.12,1.0
2025-12-11T04:28:31.760287,0.88,0.12,1.0
2025-12-11T04:28:32.365058,0.875,0.125,1.0
2025-12-11T04:28:32.968918,0.87,0.13,1.0
2025-12-11T04:28:33.596636,0.855,0.155,1.01
2025-12-11T04:28:34.195278,0.83,0.17,1.0
2025-12-11T04:28:34.795884,0.86,0.14,1.0
2025-12-11T04:28:35.404593,0.865,0.13,0.995
2025-12-11T04:28:36.016705,0.87,0.13,1.0
2025-12-11T04:28:35.032606,0.87,0.13,1.0
2025-12-11T04:28:35.652481,0.875,0.125,1.0
2025-12-11T04:28:36.258927,0.875,0.125,1.0
2025-12-11T04:28:36.861476,0.88,0.12,1.0
2025-12-11T04:28:37.470517,0.885,0.115,1.0
2025-12-11T04:28:38.075631,0.88,0.11,0.99
2025-12-11T04:28:38.683128,0.89,0.11,1.0
2025-12-11T04:28:39.288637,0.89,0.11,1.0
2025-12-11T04:28:39.888582,0.885,0.125,1.01
2025-12-11T04:28:40.491715,0.865,0.135,1.0
2025-12-11T04:28:41.096775,0.885,0.115,1.0
2025-12-11T04:28:41.708570,0.885,0.115,1.0
2025-12-11T04:28:42.329086,0.895,0.105,1.0
2025-12-11T04:28:42.941072,0.92,0.075,0.995
2025-12-11T04:28:43.544209,0.925,0.075,1.0
2025-12-11T04:28:44.159917,0.92,0.08,1.0
2025-12-11T04:28:44.771056,0.92,0.08,1.0
2025-12-11T04:28:45.368444,0.915,0.085,1.0
2025-12-11T04:28:45.974460,0.915,0.085,1.0
2025-12-11T04:28:46.569638,0.915,0.085,1.0
2025-12-11T04:28:47.171599,0.935,0.065,1.0
2025-12-11T04:28:47.784720,0.935,0.065,1.0
2025-12-11T04:28:48.386304,0.935,0.065,1.0
2025-12-11T04:28:48.988019,0.925,0.075,1.0
2025-12-11T04:28:49.591877,0.915,0.085,1.0
2025-12-11T04:28:50.197079,0.905,0.095,1.0
2025-12-11T04:28:50.799406,0.905,0.095,1.0
2025-12-11T04:28:51.403180,0.91,0.09,1.0
2025-12-11T04:28:52.002139,0.905,0.095,1.0
2025-12-11T04:28:52.612633,0.9,0.1,1.0
2025-12-11T04:28:53.217176,0.88,0.12,1.0
2025-12-11T04:28:53.817517,0.87,0.135,1.005
2025-12-11T04:28:54.422905,0.86,0.14,1.0
2025-12-11T04:28:55.059609,0.855,0.135,0.99
2025-12-11T04:28:55.668397,0.865,0.135,1.0
2025-12-11T04:28:56.273084,0.89,0.115,1.0050000000000001
2025-12-11T04:28:56.884914,0.855,0.145,1.0
2025-12-11T04:28:57.488789,0.82,0.185,1.005
2025-12-11T04:28:58.090318,0.795,0.205,1.0
2025-12-11T04:28:58.684781,0.795,0.205,1.0
2025-12-11T04:28:59.305261,0.785,0.215,1.0
2025-12-11T04:28:59.914034,0.805,0.195,1.0
2025-12-11T04:29:00.517600,0.77,0.23,1.0
2025-12-11T04:29:01.128312,0.77,0.23,1.0
2025-12-11T04:29:01.732319,0.765,0.235,1.0
2025-12-11T04:29:02.333025,0.775,0.225,1.0
2025-12-11T04:29:02.935431,0.785,0.215,1.0
2025-12-11T04:29:03.537364,0.795,0.21,1.0050000000000001
2025-12-11T04:29:04.133280,0.805,0.195,1.0
2025-12-11T04:29:04.735074,0.85,0.145,0.995
2025-12-11T04:29:05.340157,0.86,0.14,1.0
2025-12-11T04:29:05.947604,0.86,0.14,1.0
2025-12-11T04:29:06.548564,0.86,0.14,1.0
2025-12-11T04:29:05.587078,0.845,0.16,1.005
2025-12-11T04:29:06.189417,0.835,0.165,1.0
2025-12-11T04:29:06.792673,0.825,0.175,1.0
2025-12-11T04:29:07.402280,0.83,0.17,1.0
2025-12-11T04:29:08.011515,0.83,0.17,1.0
2025-12-11T04:29:08.629434,0.835,0.165,1.0
2025-12-11T04:29:09.235874,0.83,0.17,1.0
2025-12-11T04:29:09.838377,0.835,0.165,1.0
2025-12-11T04:29:10.435841,0.83,0.17,1.0
2025-12-11T04:29:11.043065,0.835,0.165,1.0
2025-12-11T04:29:11.644168,0.835,0.16,0.995
2025-12-11T04:29:12.246995,0.845,0.155,1.0
2025-12-11T04:29:12.852728,0.85,0.15,1.0
2025-12-11T04:29:13.451658,0.855,0.145,1.0
2025-12-11T04:29:14.053190,0.85,0.15,1.0
2025-12-11T04:29:14.661697,0.865,0.14,1.005
2025-12-11T04:29:15.263532,0.885,0.115,1.0
2025-12-11T04:29:15.866119,0.875,0.14,1.0150000000000001
2025-12-11T04:29:16.481736,0.875,0.125,1.0
2025-12-11T04:29:17.075790,0.885,0.11,0.995
2025-12-11T04:29:17.677164,0.89,0.11,1.0
2025-12-11T04:29:18.281910,0.89,0.11,1.0
2025-12-11T04:29:18.911863,0.89,0.11,1.0
2025-12-11T04:29:19.525327,0.89,0.11,1.0
2025-12-11T04:29:20.126611,0.89,0.11,1.0
2025-12-11T04:29:20.728916,0.905,0.095,1.0
2025-12-11T04:29:21.341379,0.905,0.095,1.0
2025-12-11T04:29:21.942389,0.925,0.075,1.0
2025-12-11T04:29:22.543968,0.935,0.065,1.0
2025-12-11T04:29:23.148081,0.965,0.035,1.0
2025-12-11T04:29:23.754026,0.975,0.025,1.0
2025-12-11T04:29:24.361016,0.975,0.025,1.0
2025-12-11T04:29:24.968342,0.965,0.025,0.99
2025-12-11T04:29:25.569387,0.985,0.015,1.0
2025-12-11T04:29:26.177951,0.98,0.02,1.0
2025-12-11T04:29:26.776833,0.98,0.005,0.985
2025-12-11T04:29:27.370499,0.995,0.005,1.0
2025-12-11T04:29:27.977533,0.995,0.005,1.0
2025-12-11T04:29:28.579160,0.995,0.005,1.0
2025-12-11T04:29:29.179794,0.995,0.005,1.0
2025-12-11T04:29:29.782146,0.995,0.005,1.0
2025-12-11T04:29:30.388200,0.995,0.005,1.0
2025-12-11T04:29:30.999352,0.995,0.005,1.0
2025-12-11T04:29:31.600600,0.995,0.005,1.0
2025-12-11T04:29:32.215831,0.995,0.005,1.0
2025-12-11T04:29:32.816578,0.995,0.005,1.0
2025-12-11T04:29:33.418922,0.995,0.005,1.0
2025-12-11T04:29:34.021898,0.995,0.005,1.0
2025-12-11T04:29:34.625810,0.995,0.005,1.0
2025-12-11T04:29:35.235835,0.995,0.005,1.0
2025-12-11T04:29:35.828362,0.995,0.005,1.0
2025-12-11T04:29:36.426142,0.995,0.005,1.0
2025-12-11T04:29:37.028551,0.995,0.005,1.0
2025-12-11T04:29:37.633164,0.995,0.005,1.0
2025-12-11T04:29:36.652212,0.995,0.005,1.0
2025-12-11T04:29:37.260055,0.995,0.005,1.0
2025-12-11T04:29:37.857118,0.995,0.005,1.0
2025-12-11T04:29:38.461867,0.995,0.005,1.0
2025-12-11T04:29:39.064925,0.995,0.005,1.0
2025-12-11T04:29:39.665661,0.995,0.005,1.0
2025-12-11T04:29:40.271343,0.995,0.005,1.0
2025-12-11T04:29:40.867158,0.995,0.005,1.0
2025-12-11T04:29:41.470859,0.995,0.005,1.0
2025-12-11T04:29:42.105349,0.995,0.005,1.0
2025-12-11T04:29:42.709077,0.995,0.005,1.0
2025-12-11T04:29:43.313246,0.995,0.005,1.0
2025-12-11T04:29:43.911524,0.995,0.005,1.0
2025-12-11T04:29:44.524846,0.995,0.005,1.0
2025-12-11T04:29:45.129476,0.995,0.005,1.0
2025-12-11T04:29:45.732437,0.995,0.005,1.0
2025-12-11T04:29:46.338765,0.995,0.005,1.0
2025-12-11T04:29:46.949375,0.995,0.005,1.0
2025-12-11T04:29:47.556393,0.995,0.005,1.0
2025-12-11T04:29:48.156005,0.995,0.005,1.0
2025-12-11T04:29:48.757444,0.995,0.005,1.0
2025-12-11T04:29:49.360838,0.995,0.005,1.0
2025-12-11T04:29:49.962770,0.995,0.005,1.0
2025-12-11T04:29:50.569709,0.995,0.005,1.0
2025-12-11T04:29:51.178445,0.995,0.005,1.0
2025-12-11T04:29:51.784868,0.995,0.005,1.0
2025-12-11T04:29:52.388982,0.995,0.005,1.0
2025-12-11T04:29:52.994347,0.995,0.005,1.0
2025-12-11T04:29:53.594180,0.995,0.005,1.0
2025-12-11T04:29:54.197687,0.995,0.005,1.0
2025-12-11T04:29:54.801679,0.995,0.005,1.0
2025-12-11T04:29:55.413571,0.995,0.005,1.0
2025-12-11T04:29:56.019850,0.995,0.005,1.0
2025-12-11T04:29:56.632766,0.995,0.005,1.0
2025-12-11T04:29:57.233398,0.995,0.005,1.0
2025-12-11T04:29:57.828571,0.995,0.005,1.0
2025-12-11T04:29:58.440909,0.995,0.005,1.0
2025-12-11T04:29:59.051846,0.995,0.005,1.0
2025-12-11T04:29:59.657103,0.995,0.005,1.0
2025-12-11T04:30:00.261956,0.995,0.005,1.0
2025-12-11T04:30:00.861784,0.995,0.005,1.0
2025-12-11T04:30:01.465234,0.995,0.005,1.0
2025-12-11T04:30:02.062176,0.995,0.005,1.0
2025-12-11T04:30:02.671272,0.995,0.005,1.0
2025-12-11T04:30:03.282033,0.995,0.005,1.0
2025-12-11T04:30:03.882784,0.995,0.005,1.0
2025-12-11T04:30:04.487867,0.995,0.005,1.0
2025-12-11T04:30:05.086814,0.995,0.005,1.0
2025-12-11T04:30:05.687969,0.995,0.005,1.0
2025-12-11T04:30:06.293911,0.995,0.005,1.0
2025-12-11T04:30:06.893214,0.995,0.005,1.0
2025-12-11T04:30:07.494173,0.995,0.005,1.0
2025-12-11T04:30:08.156598,0.995,0.005,1.0
2025-12-11T04:30:07.183866,0.995,0.005,1.0
2025-12-11T04:30:07.780923,0.995,0.005,1.0
2025-12-11T04:30:08.391386,0.995,0.005,1.0
2025-12-11T04:30:08.992512,0.995,0.005,1.0
2025-12-11T04:30:09.597696,0.995,0.005,1.0
2025-12-11T04:30:10.194375,0.995,0.005,1.0
2025-12-11T04:30:10.804026,0.995,0.005,1.0
2025-12-11T04:30:11.407483,0.995,0.005,1.0
2025-12-11T04:30:12.011157,0.995,0.005,1.0
2025-12-11T04:30:12.631010,0.995,0.005,1.0
2025-12-11T04:30:13.228871,0.995,0.005,1.0
2025-12-11T04:30:13.830215,0.995,0.005,1.0
2025-12-11T04:30:14.437484,0.995,0.005,1.0
2025-12-11T04:30:15.037675,0.995,0.005,1.0
2025-12-11T04:30:15.638776,0.995,0.005,1.0
2025-12-11T04:30:16.237336,0.995,0.005,1.0
2025-12-11T04:30:16.838593,0.995,0.005,1.0
2025-12-11T04:30:17.444838,0.995,0.005,1.0
2025-12-11T04:30:18.044774,0.995,0.005,1.0
2025-12-11T04:30:18.646995,0.995,0.005,1.0
2025-12-11T04:30:19.249609,0.995,0.005,1.0
2025-12-11T04:30:19.851815,0.995,0.005,1.0
2025-12-11T04:30:20.454251,0.995,0.005,1.0
2025-12-11T04:30:21.054837,0.995,0.005,1.0
2025-12-11T04:30:21.681643,0.995,0.005,1.0
2025-12-11T04:30:22.274800,0.995,0.005,1.0
2025-12-11T04:30:22.881701,0.995,0.005,1.0
2025-12-11T04:30:23.495841,0.995,0.005,1.0
2025-12-11T04:30:24.104711,0.995,0.005,1.0
2025-12-11T04:30:24.750775,0.995,0.005,1.0
2025-12-11T04:30:25.374505,0.995,0.005,1.0
2025-12-11T04:30:25.986258,0.995,0.005,1.0
2025-12-11T04:30:26.606936,0.995,0.005,1.0
2025-12-11T04:30:27.224184,0.995,0.005,1.0
2025-12-11T04:30:27.842687,0.995,0.005,1.0
2025-12-11T04:30:28.470823,0.995,0.005,1.0
2025-12-11T04:30:29.078142,0.995,0.005,1.0
2025-12-11T04:30:29.687596,0.995,0.005,1.0
2025-12-11T04:30:30.290834,0.995,0.005,1.0
2025-12-11T04:30:30.906009,0.995,0.005,1.0
2025-12-11T04:30:31.517297,0.995,0.005,1.0
2025-12-11T04:30:32.148405,0.995,0.005,1.0
2025-12-11T04:30:32.769178,0.995,0.005,1.0
2025-12-11T04:30:33.381117,0.995,0.005,1.0
2025-12-11T04:30:33.985558,0.995,0.005,1.0
2025-12-11T04:30:34.603163,0.995,0.005,1.0
2025-12-11T04:30:35.203485,0.995,0.005,1.0
2025-12-11T04:30:35.816366,0.995,0.005,1.0
2025-12-11T04:30:36.434419,0.995,0.005,1.0
2025-12-11T04:30:37.044528,0.995,0.005,1.0
2025-12-11T04:30:37.659606,0.995,0.005,1.0
2025-12-11T04:30:38.265398,0.995,0.005,1.0
2025-12-11T04:30:38.876221,0.995,0.005,1.0
2025-12-11T04:30:37.923790,0.995,0.005,1.0
2025-12-11T04:30:38.544730,0.995,0.005,1.0
2025-12-11T04:30:39.161371,0.995,0.005,1.0
2025-12-11T04:30:39.771389,0.995,0.005,1.0
2025-12-11T04:30:40.378138,0.995,0.005,1.0
2025-12-11T04:30:40.993525,0.995,0.005,1.0
2025-12-11T04:30:41.601857,0.995,0.005,1.0
2025-12-11T04:30:42.206741,0.995,0.005,1.0
2025-12-11T04:30:42.813110,0.995,0.005,1.0
2025-12-11T04:30:43.424637,0.995,0.005,1.0
2025-12-11T04:30:44.021823,0.995,0.005,1.0
2025-12-11T04:30:44.618008,0.995,0.005,1.0
2025-12-11T04:30:45.270625,0.995,0.005,1.0
2025-12-11T04:30:45.872616,0.995,0.005,1.0
2025-12-11T04:30:46.492437,0.995,0.005,1.0
2025-12-11T04:30:47.107526,0.995,0.005,1.0
2025-12-11T04:30:47.721242,0.995,0.005,1.0
2025-12-11T04:30:48.329934,0.995,0.005,1.0
2025-12-11T04:30:48.938404,0.995,0.005,1.0
2025-12-11T04:30:49.550232,0.995,0.005,1.0
2025-12-11T04:30:50.159626,0.995,0.005,1.0
2025-12-11T04:30:50.755461,0.995,0.005,1.0
2025-12-11T04:30:51.374264,0.995,0.005,1.0
2025-12-11T04:30:51.983249,0.995,0.005,1.0
2025-12-11T04:30:52.576600,0.995,0.005,1.0
2025-12-11T04:30:53.194821,0.995,0.005,1.0
2025-12-11T04:30:53.803107,0.995,0.005,1.0
2025-12-11T04:30:54.401803,0.995,0.005,1.0
2025-12-11T04:30:55.013749,0.995,0.005,1.0
2025-12-11T04:30:55.627588,0.995,0.005,1.0
2025-12-11T04:30:56.246652,0.995,0.005,1.0
2025-12-11T04:30:56.848731,0.995,0.005,1.0
2025-12-11T04:30:57.456379,0.995,0.005,1.0
2025-12-11T04:30:58.065007,0.995,0.005,1.0
2025-12-11T04:30:58.664952,0.995,0.005,1.0
2025-12-11T04:30:59.265514,0.995,0.005,1.0
2025-12-11T04:30:59.869955,0.995,0.005,1.0
