timestamp,price_yes,price_no,sum_prices
2025-12-10T20:16:00.637551,0.545,0.455,1.0
2025-12-10T20:16:00.075621,0.545,0.455,1.0
2025-12-10T20:16:01.208817,0.555,0.445,1.0
2025-12-10T20:16:02.363104,0.57,0.425,0.9949999999999999
2025-12-10T20:16:03.535003,0.58,0.425,1.005
2025-12-10T20:16:04.690527,0.605,0.395,1.0
2025-12-10T20:16:05.848204,0.575,0.425,1.0
2025-12-10T20:16:07.058157,0.595,0.4,0.995
2025-12-10T20:16:08.221370,0.605,0.395,1.0
2025-12-10T20:16:09.374400,0.615,0.385,1.0
2025-12-10T20:16:10.522438,0.595,0.4,0.995
2025-12-10T20:16:11.650577,0.595,0.405,1.0
2025-12-10T20:16:12.766732,0.605,0.395,1.0
2025-12-10T20:16:13.925439,0.585,0.42,1.005
2025-12-10T20:16:15.041108,0.585,0.415,1.0
2025-12-10T20:16:16.174138,0.565,0.455,1.02
2025-12-10T20:16:17.461260,0.525,0.475,1.0
2025-12-10T20:16:18.614489,0.53,0.465,0.9950000000000001
2025-12-10T20:16:19.866032,0.555,0.445,1.0
2025-12-10T20:16:20.993628,0.54,0.46,1.0
2025-12-10T20:16:22.158503,0.56,0.44,1.0
2025-12-10T20:16:23.325715,0.565,0.435,1.0
2025-12-10T20:16:24.481271,0.565,0.435,1.0
2025-12-10T20:16:25.638174,0.575,0.425,1.0
2025-12-10T20:16:26.788273,0.56,0.44,1.0
2025-12-10T20:16:27.966177,0.565,0.435,1.0
2025-12-10T20:16:29.139782,0.545,0.455,1.0
2025-12-10T20:16:30.303369,0.55,0.45,1.0
2025-12-10T20:16:29.880327,0.565,0.435,1.0
2025-12-10T20:16:31.047361,0.535,0.46,0.9950000000000001
2025-12-10T20:16:32.202412,0.535,0.465,1.0
2025-12-10T20:16:33.363025,0.53,0.465,0.9950000000000001
2025-12-10T20:16:34.518410,0.545,0.455,1.0
2025-12-10T20:16:35.662905,0.52,0.48,1.0
2025-12-10T20:16:36.838032,0.525,0.475,1.0
2025-12-10T20:16:37.997230,0.535,0.465,1.0
2025-12-10T20:16:39.106093,0.55,0.45,1.0
2025-12-10T20:16:40.223176,0.555,0.445,1.0
2025-12-10T20:16:41.353701,0.535,0.465,1.0
2025-12-10T20:16:42.472656,0.545,0.455,1.0
2025-12-10T20:16:43.578511,0.52,0.48,1.0
2025-12-10T20:16:44.699576,0.485,0.515,1.0
2025-12-10T20:16:45.885040,0.475,0.525,1.0
2025-12-10T20:16:46.994472,0.475,0.52,0.995
2025-12-10T20:16:48.108024,0.49,0.51,1.0
2025-12-10T20:16:49.222439,0.505,0.495,1.0
2025-12-10T20:16:50.344765,0.505,0.495,1.0
2025-12-10T20:16:51.458284,0.515,0.485,1.0
2025-12-10T20:16:52.631577,0.52,0.475,0.995
2025-12-10T20:16:53.787799,0.52,0.485,1.005
2025-12-10T20:16:54.910266,0.505,0.495,1.0
2025-12-10T20:16:56.052309,0.495,0.505,1.0
2025-12-10T20:16:57.222523,0.505,0.495,1.0
2025-12-10T20:16:58.387571,0.485,0.51,0.995
2025-12-10T20:16:59.534399,0.485,0.515,1.0
2025-12-10T20:17:00.659284,0.475,0.525,1.0
2025-12-10T20:17:01.828626,0.475,0.525,1.0
2025-12-10T20:17:01.410981,0.495,0.505,1.0
2025-12-10T20:17:02.587920,0.475,0.52,0.995
2025-12-10T20:17:03.748157,0.5,0.5,1.0
2025-12-10T20:17:04.940603,0.505,0.495,1.0
2025-12-10T20:17:06.116723,0.505,0.49,0.995
2025-12-10T20:17:07.286360,0.535,0.465,1.0
2025-12-10T20:17:08.430810,0.525,0.475,1.0
2025-12-10T20:17:09.541650,0.535,0.465,1.0
2025-12-10T20:17:10.701833,0.495,0.505,1.0
2025-12-10T20:17:11.870497,0.475,0.525,1.0
2025-12-10T20:17:13.033750,0.475,0.525,1.0
2025-12-10T20:17:14.164546,0.465,0.535,1.0
2025-12-10T20:17:15.337864,0.455,0.545,1.0
2025-12-10T20:17:16.508450,0.435,0.565,1.0
2025-12-10T20:17:17.633719,0.435,0.565,1.0
2025-12-10T20:17:18.797376,0.425,0.575,1.0
2025-12-10T20:17:19.959929,0.415,0.585,1.0
2025-12-10T20:17:21.116880,0.405,0.595,1.0
2025-12-10T20:17:22.240649,0.395,0.605,1.0
2025-12-10T20:17:23.397328,0.385,0.615,1.0
2025-12-10T20:17:24.569629,0.405,0.595,1.0
2025-12-10T20:17:25.705896,0.38,0.62,1.0
2025-12-10T20:17:26.873950,0.365,0.635,1.0
2025-12-10T20:17:28.180407,0.365,0.635,1.0
2025-12-10T20:17:29.339327,0.355,0.645,1.0
2025-12-10T20:17:30.493436,0.345,0.655,1.0
2025-12-10T20:17:31.649754,0.345,0.655,1.0
2025-12-10T20:17:31.105225,0.345,0.655,1.0
2025-12-10T20:17:32.310238,0.325,0.675,1.0
2025-12-10T20:17:33.476318,0.32,0.675,0.9950000000000001
2025-12-10T20:17:34.631670,0.325,0.675,1.0
2025-12-10T20:17:35.750268,0.33,0.665,0.9950000000000001
2025-12-10T20:17:36.916259,0.34,0.66,1.0
2025-12-10T20:17:38.104879,0.315,0.685,1.0
2025-12-10T20:17:39.329060,0.305,0.695,1.0
2025-12-10T20:17:40.504738,0.305,0.695,1.0
2025-12-10T20:17:41.665314,0.3,0.695,0.9949999999999999
2025-12-10T20:17:42.859663,0.305,0.695,1.0
2025-12-10T20:17:44.014139,0.3,0.7,1.0
2025-12-10T20:17:45.148955,0.295,0.705,1.0
2025-12-10T20:17:46.318087,0.29,0.71,1.0
2025-12-10T20:17:47.484790,0.275,0.725,1.0
2025-12-10T20:17:48.642662,0.3,0.705,1.005
2025-12-10T20:17:49.794499,0.28,0.72,1.0
2025-12-10T20:17:50.976352,0.265,0.735,1.0
2025-12-10T20:17:52.126399,0.255,0.735,0.99
2025-12-10T20:17:53.305052,0.265,0.735,1.0
2025-12-10T20:17:54.476900,0.275,0.725,1.0
2025-12-10T20:17:55.647511,0.275,0.725,1.0
2025-12-10T20:17:56.823459,0.255,0.745,1.0
2025-12-10T20:17:57.989206,0.235,0.765,1.0
2025-12-10T20:17:59.139773,0.225,0.77,0.995
2025-12-10T20:18:00.279201,0.23,0.77,1.0
2025-12-10T20:18:01.409724,0.235,0.765,1.0
2025-12-10T20:18:02.558438,0.215,0.785,1.0
2025-12-10T20:18:02.060121,0.205,0.795,1.0
2025-12-10T20:18:03.266513,0.235,0.76,0.995
2025-12-10T20:18:04.382054,0.275,0.725,1.0
2025-12-10T20:18:05.558437,0.28,0.715,0.995
2025-12-10T20:18:06.697689,0.28,0.72,1.0
2025-12-10T20:18:07.844951,0.285,0.715,1.0
2025-12-10T20:18:09.002916,0.305,0.695,1.0
2025-12-10T20:18:10.137098,0.305,0.695,1.0
2025-12-10T20:18:11.295661,0.315,0.685,1.0
2025-12-10T20:18:12.460724,0.305,0.695,1.0
2025-12-10T20:18:13.649780,0.295,0.705,1.0
2025-12-10T20:18:14.798904,0.295,0.705,1.0
2025-12-10T20:18:15.973904,0.305,0.695,1.0
2025-12-10T20:18:17.232102,0.305,0.695,1.0
2025-12-10T20:18:18.529713,0.295,0.705,1.0
2025-12-10T20:18:19.679724,0.285,0.715,1.0
2025-12-10T20:18:20.857670,0.295,0.705,1.0
2025-12-10T20:18:22.010073,0.295,0.705,1.0
2025-12-10T20:18:23.155614,0.285,0.715,1.0
2025-12-10T20:18:24.367494,0.3,0.7,1.0
2025-12-10T20:18:25.542130,0.295,0.705,1.0
2025-12-10T20:18:26.685093,0.305,0.695,1.0
2025-12-10T20:18:27.842567,0.315,0.685,1.0
2025-12-10T20:18:28.998112,0.32,0.675,0.9950000000000001
2025-12-10T20:18:30.142607,0.315,0.685,1.0
2025-12-10T20:18:31.259075,0.315,0.685,1.0
2025-12-10T20:18:32.412499,0.295,0.705,1.0
2025-12-10T20:18:33.561745,0.305,0.695,1.0
2025-12-10T20:18:33.040948,0.315,0.685,1.0
2025-12-10T20:18:34.210303,0.305,0.69,0.9949999999999999
2025-12-10T20:18:35.338867,0.335,0.665,1.0
2025-12-10T20:18:36.459372,0.34,0.66,1.0
2025-12-10T20:18:37.592274,0.345,0.655,1.0
2025-12-10T20:18:38.708018,0.335,0.665,1.0
2025-12-10T20:18:39.863120,0.325,0.675,1.0
2025-12-10T20:18:41.021432,0.315,0.69,1.005
2025-12-10T20:18:42.189178,0.32,0.68,1.0
2025-12-10T20:18:43.322722,0.325,0.675,1.0
2025-12-10T20:18:44.455500,0.33,0.67,1.0
2025-12-10T20:18:45.574643,0.32,0.685,1.0050000000000001
2025-12-10T20:18:46.693962,0.305,0.695,1.0
2025-12-10T20:18:47.817156,0.295,0.705,1.0
2025-12-10T20:18:48.945628,0.285,0.715,1.0
2025-12-10T20:18:50.068367,0.285,0.715,1.0
2025-12-10T20:18:51.201129,0.295,0.705,1.0
2025-12-10T20:18:52.353327,0.3,0.7,1.0
2025-12-10T20:18:53.496472,0.315,0.685,1.0
2025-12-10T20:18:54.645244,0.315,0.695,1.01
2025-12-10T20:18:55.822172,0.3,0.7,1.0
2025-12-10T20:18:57.200610,0.315,0.685,1.0
2025-12-10T20:18:58.320884,0.315,0.685,1.0
2025-12-10T20:18:59.472327,0.315,0.685,1.0
2025-12-10T20:19:00.596604,0.3,0.7,1.0
2025-12-10T20:19:01.806151,0.285,0.715,1.0
2025-12-10T20:19:02.970203,0.28,0.725,1.005
2025-12-10T20:19:04.114616,0.265,0.735,1.0
2025-12-10T20:19:03.603020,0.265,0.735,1.0
2025-12-10T20:19:04.791959,0.245,0.755,1.0
2025-12-10T20:19:05.990256,0.225,0.775,1.0
2025-12-10T20:19:07.159130,0.215,0.785,1.0
2025-12-10T20:19:08.333261,0.215,0.785,1.0
2025-12-10T20:19:09.520791,0.195,0.805,1.0
2025-12-10T20:19:10.765044,0.205,0.785,0.99
2025-12-10T20:19:11.893381,0.225,0.775,1.0
2025-12-10T20:19:13.059717,0.235,0.765,1.0
2025-12-10T20:19:14.209572,0.245,0.76,1.005
2025-12-10T20:19:15.396066,0.225,0.775,1.0
2025-12-10T20:19:16.551816,0.225,0.775,1.0
2025-12-10T20:19:17.706591,0.225,0.775,1.0
2025-12-10T20:19:18.859147,0.235,0.765,1.0
2025-12-10T20:19:20.028134,0.225,0.775,1.0
2025-12-10T20:19:21.191558,0.235,0.765,1.0
2025-12-10T20:19:22.359883,0.245,0.755,1.0
2025-12-10T20:19:23.512859,0.235,0.77,1.005
2025-12-10T20:19:24.656680,0.225,0.775,1.0
2025-12-10T20:19:25.848387,0.225,0.775,1.0
2025-12-10T20:19:27.011406,0.225,0.775,1.0
2025-12-10T20:19:28.182718,0.215,0.785,1.0
2025-12-10T20:19:29.325630,0.23,0.775,1.0050000000000001
2025-12-10T20:19:30.531500,0.225,0.775,1.0
2025-12-10T20:19:31.709126,0.215,0.785,1.0
2025-12-10T20:19:32.892820,0.205,0.795,1.0
2025-12-10T20:19:34.142296,0.195,0.805,1.0
2025-12-10T20:19:33.665457,0.205,0.795,1.0
2025-12-10T20:19:34.839287,0.21,0.795,1.0050000000000001
2025-12-10T20:19:36.007384,0.225,0.775,1.0
2025-12-10T20:19:37.171341,0.23,0.765,0.995
2025-12-10T20:19:38.349254,0.225,0.775,1.0
2025-12-10T20:19:39.478445,0.225,0.775,1.0
2025-12-10T20:19:40.645330,0.225,0.775,1.0
2025-12-10T20:19:41.823943,0.235,0.765,1.0
2025-12-10T20:19:43.014577,0.225,0.775,1.0
2025-12-10T20:19:44.178682,0.195,0.805,1.0
2025-12-10T20:19:45.323767,0.195,0.805,1.0
2025-12-10T20:19:46.460595,0.205,0.795,1.0
2025-12-10T20:19:47.626398,0.225,0.775,1.0
2025-12-10T20:19:48.788629,0.21,0.795,1.0050000000000001
2025-12-10T20:19:49.944236,0.21,0.79,1.0
2025-12-10T20:19:51.132616,0.21,0.79,1.0
2025-12-10T20:19:52.308670,0.215,0.785,1.0
2025-12-10T20:19:53.480631,0.225,0.775,1.0
2025-12-10T20:19:54.670040,0.225,0.775,1.0
2025-12-10T20:19:55.829372,0.225,0.775,1.0
2025-12-10T20:19:57.023584,0.225,0.775,1.0
2025-12-10T20:19:58.214351,0.235,0.765,1.0
2025-12-10T20:19:59.389749,0.235,0.76,0.995
2025-12-10T20:20:00.524084,0.235,0.765,1.0
2025-12-10T20:20:01.667155,0.23,0.77,1.0
2025-12-10T20:20:02.828943,0.225,0.775,1.0
2025-12-10T20:20:03.993157,0.22,0.78,1.0
2025-12-10T20:20:05.164899,0.215,0.785,1.0
2025-12-10T20:20:04.698840,0.195,0.805,1.0
2025-12-10T20:20:05.887214,0.205,0.795,1.0
2025-12-10T20:20:07.060231,0.195,0.8,0.9950000000000001
2025-12-10T20:20:08.371233,0.205,0.785,0.99
2025-12-10T20:20:09.552380,0.205,0.795,1.0
2025-12-10T20:20:10.741750,0.195,0.805,1.0
2025-12-10T20:20:11.871320,0.185,0.815,1.0
2025-12-10T20:20:13.069866,0.175,0.825,1.0
2025-12-10T20:20:14.217828,0.165,0.835,1.0
2025-12-10T20:20:15.397744,0.165,0.835,1.0
2025-12-10T20:20:16.551279,0.15,0.855,1.005
2025-12-10T20:20:17.738562,0.16,0.845,1.005
2025-12-10T20:20:18.910420,0.15,0.85,1.0
2025-12-10T20:20:20.058313,0.135,0.865,1.0
2025-12-10T20:20:21.181216,0.135,0.865,1.0
2025-12-10T20:20:22.377613,0.145,0.855,1.0
2025-12-10T20:20:23.514433,0.155,0.84,0.995
2025-12-10T20:20:24.661297,0.17,0.83,1.0
2025-12-10T20:20:25.871498,0.165,0.835,1.0
2025-12-10T20:20:27.018754,0.155,0.845,1.0
2025-12-10T20:20:28.187412,0.155,0.845,1.0
2025-12-10T20:20:29.317261,0.145,0.855,1.0
2025-12-10T20:20:30.472395,0.135,0.86,0.995
2025-12-10T20:20:31.607142,0.145,0.855,1.0
2025-12-10T20:20:32.822821,0.145,0.855,1.0
2025-12-10T20:20:34.036258,0.145,0.855,1.0
2025-12-10T20:20:35.176398,0.165,0.835,1.0
2025-12-10T20:20:34.746606,0.185,0.815,1.0
2025-12-10T20:20:35.983007,0.165,0.835,1.0
2025-12-10T20:20:37.170763,0.175,0.825,1.0
2025-12-10T20:20:38.318640,0.165,0.835,1.0
2025-12-10T20:20:39.453407,0.175,0.825,1.0
2025-12-10T20:20:40.596749,0.185,0.815,1.0
2025-12-10T20:20:41.726807,0.185,0.815,1.0
2025-12-10T20:20:42.912558,0.195,0.805,1.0
2025-12-10T20:20:44.045123,0.185,0.815,1.0
2025-12-10T20:20:45.208688,0.175,0.825,1.0
2025-12-10T20:20:46.433166,0.19,0.805,0.9950000000000001
2025-12-10T20:20:47.616754,0.205,0.795,1.0
2025-12-10T20:20:48.793868,0.205,0.8,1.0050000000000001
2025-12-10T20:20:49.927951,0.205,0.795,1.0
2025-12-10T20:20:51.103963,0.215,0.785,1.0
2025-12-10T20:20:52.256465,0.205,0.795,1.0
2025-12-10T20:20:53.443777,0.2,0.8,1.0
2025-12-10T20:20:54.576141,0.195,0.805,1.0
2025-12-10T20:20:55.728764,0.185,0.795,0.98
2025-12-10T20:20:56.920764,0.245,0.755,1.0
2025-12-10T20:20:58.058674,0.245,0.755,1.0
2025-12-10T20:20:59.240986,0.235,0.765,1.0
2025-12-10T20:21:00.400796,0.245,0.755,1.0
2025-12-10T20:21:01.579717,0.26,0.745,1.005
2025-12-10T20:21:02.701327,0.285,0.715,1.0
2025-12-10T20:21:03.886590,0.29,0.71,1.0
2025-12-10T20:21:05.035925,0.285,0.715,1.0
2025-12-10T20:21:06.174642,0.28,0.72,1.0
2025-12-10T20:21:05.654883,0.265,0.73,0.995
2025-12-10T20:21:06.823232,0.275,0.725,1.0
2025-12-10T20:21:07.981613,0.275,0.725,1.0
2025-12-10T20:21:09.162096,0.295,0.705,1.0
2025-12-10T20:21:10.327180,0.305,0.695,1.0
2025-12-10T20:21:11.491622,0.305,0.695,1.0
2025-12-10T20:21:12.652083,0.325,0.675,1.0
2025-12-10T20:21:13.788464,0.315,0.685,1.0
2025-12-10T20:21:14.976454,0.285,0.715,1.0
2025-12-10T20:21:16.152298,0.285,0.71,0.9949999999999999
2025-12-10T20:21:17.405541,0.31,0.69,1.0
2025-12-10T20:21:18.561597,0.315,0.685,1.0
2025-12-10T20:21:19.729520,0.315,0.685,1.0
2025-12-10T20:21:20.897399,0.32,0.68,1.0
2025-12-10T20:21:22.020677,0.305,0.695,1.0
2025-12-10T20:21:23.177822,0.295,0.705,1.0
2025-12-10T20:21:24.320289,0.295,0.705,1.0
2025-12-10T20:21:25.493233,0.295,0.705,1.0
2025-12-10T20:21:26.629214,0.305,0.695,1.0
2025-12-10T20:21:27.799017,0.305,0.695,1.0
2025-12-10T20:21:28.989864,0.315,0.685,1.0
2025-12-10T20:21:30.111155,0.295,0.705,1.0
2025-12-10T20:21:31.276531,0.285,0.715,1.0
2025-12-10T20:21:32.408822,0.26,0.745,1.005
2025-12-10T20:21:33.563279,0.245,0.755,1.0
2025-12-10T20:21:34.682823,0.235,0.765,1.0
2025-12-10T20:21:35.857131,0.245,0.755,1.0
2025-12-10T20:21:37.074862,0.235,0.765,1.0
2025-12-10T20:21:36.575827,0.225,0.775,1.0
2025-12-10T20:21:37.712012,0.24,0.76,1.0
2025-12-10T20:21:38.881363,0.235,0.765,1.0
2025-12-10T20:21:40.091343,0.225,0.775,1.0
2025-12-10T20:21:41.216926,0.225,0.775,1.0
2025-12-10T20:21:42.375409,0.24,0.76,1.0
2025-12-10T20:21:43.537691,0.25,0.75,1.0
2025-12-10T20:21:44.695644,0.265,0.735,1.0
2025-12-10T20:21:45.855088,0.275,0.725,1.0
2025-12-10T20:21:47.008975,0.265,0.74,1.005
2025-12-10T20:21:48.212578,0.255,0.745,1.0
2025-12-10T20:21:49.396230,0.255,0.745,1.0
2025-12-10T20:21:50.516418,0.245,0.755,1.0
2025-12-10T20:21:51.676110,0.255,0.745,1.0
2025-12-10T20:21:52.795847,0.275,0.725,1.0
2025-12-10T20:21:53.924676,0.285,0.715,1.0
2025-12-10T20:21:55.045040,0.295,0.705,1.0
2025-12-10T20:21:56.151464,0.295,0.705,1.0
2025-12-10T20:21:57.268338,0.295,0.705,1.0
2025-12-10T20:21:58.377900,0.305,0.695,1.0
2025-12-10T20:21:59.488527,0.33,0.67,1.0
2025-12-10T20:22:00.633781,0.315,0.685,1.0
2025-12-10T20:22:01.751464,0.295,0.705,1.0
2025-12-10T20:22:02.914910,0.335,0.665,1.0
2025-12-10T20:22:04.029560,0.345,0.655,1.0
2025-12-10T20:22:05.148737,0.355,0.645,1.0
2025-12-10T20:22:06.272279,0.36,0.625,0.985
2025-12-10T20:22:07.410444,0.345,0.655,1.0
2025-12-10T20:22:06.887005,0.345,0.655,1.0
2025-12-10T20:22:07.992083,0.325,0.675,1.0
2025-12-10T20:22:09.106275,0.305,0.69,0.9949999999999999
2025-12-10T20:22:10.244618,0.305,0.695,1.0
2025-12-10T20:22:11.352026,0.295,0.715,1.01
2025-12-10T20:22:12.469001,0.31,0.685,0.9950000000000001
2025-12-10T20:22:13.689845,0.32,0.68,1.0
2025-12-10T20:22:14.840485,0.31,0.69,1.0
2025-12-10T20:22:15.957360,0.305,0.69,0.9949999999999999
2025-12-10T20:22:17.088302,0.325,0.675,1.0
2025-12-10T20:22:18.230214,0.325,0.675,1.0
2025-12-10T20:22:19.361774,0.32,0.685,1.0050000000000001
2025-12-10T20:22:20.478818,0.315,0.685,1.0
2025-12-10T20:22:21.585942,0.295,0.705,1.0
2025-12-10T20:22:22.691339,0.285,0.715,1.0
2025-12-10T20:22:23.805113,0.29,0.71,1.0
2025-12-10T20:22:24.972457,0.285,0.715,1.0
2025-12-10T20:22:26.100944,0.275,0.725,1.0
2025-12-10T20:22:27.236247,0.285,0.715,1.0
2025-12-10T20:22:28.384852,0.305,0.695,1.0
2025-12-10T20:22:29.529001,0.31,0.695,1.005
2025-12-10T20:22:30.690732,0.315,0.68,0.9950000000000001
2025-12-10T20:22:31.823311,0.335,0.665,1.0
2025-12-10T20:22:32.939751,0.34,0.655,0.9950000000000001
2025-12-10T20:22:34.093001,0.325,0.675,1.0
2025-12-10T20:22:35.197163,0.305,0.695,1.0
2025-12-10T20:22:36.310351,0.295,0.705,1.0
2025-12-10T20:22:37.443897,0.285,0.715,1.0
2025-12-10T20:22:36.915257,0.285,0.715,1.0
2025-12-10T20:22:38.072573,0.27,0.73,1.0
2025-12-10T20:22:39.198521,0.265,0.735,1.0
2025-12-10T20:22:40.342267,0.255,0.745,1.0
2025-12-10T20:22:41.457537,0.265,0.735,1.0
2025-12-10T20:22:42.610887,0.27,0.735,1.005
2025-12-10T20:22:43.736369,0.245,0.755,1.0
2025-12-10T20:22:44.846453,0.235,0.765,1.0
2025-12-10T20:22:45.958112,0.235,0.765,1.0
2025-12-10T20:22:47.136857,0.235,0.765,1.0
2025-12-10T20:22:48.297112,0.225,0.775,1.0
2025-12-10T20:22:49.464107,0.215,0.785,1.0
2025-12-10T20:22:50.618710,0.205,0.795,1.0
2025-12-10T20:22:51.730493,0.225,0.775,1.0
2025-12-10T20:22:52.903250,0.205,0.795,1.0
2025-12-10T20:22:54.031560,0.195,0.805,1.0
2025-12-10T20:22:55.189085,0.205,0.795,1.0
2025-12-10T20:22:56.355762,0.23,0.77,1.0
2025-12-10T20:22:57.553235,0.245,0.755,1.0
2025-12-10T20:22:58.718713,0.245,0.755,1.0
2025-12-10T20:22:59.881744,0.245,0.76,1.005
2025-12-10T20:23:01.040821,0.25,0.75,1.0
2025-12-10T20:23:02.194044,0.26,0.735,0.995
2025-12-10T20:23:03.351904,0.275,0.725,1.0
2025-12-10T20:23:04.481972,0.255,0.745,1.0
2025-12-10T20:23:05.684309,0.225,0.775,1.0
2025-12-10T20:23:06.838878,0.255,0.745,1.0
2025-12-10T20:23:08.014843,0.255,0.745,1.0
2025-12-10T20:23:07.461080,0.265,0.735,1.0
2025-12-10T20:23:08.626198,0.265,0.735,1.0
2025-12-10T20:23:09.775095,0.235,0.77,1.005
2025-12-10T20:23:10.945302,0.235,0.765,1.0
2025-12-10T20:23:12.094656,0.245,0.755,1.0
2025-12-10T20:23:13.235546,0.255,0.745,1.0
2025-12-10T20:23:14.389717,0.255,0.745,1.0
2025-12-10T20:23:15.541043,0.235,0.775,1.01
2025-12-10T20:23:16.715396,0.205,0.795,1.0
2025-12-10T20:23:17.877788,0.215,0.785,1.0
2025-12-10T20:23:19.060651,0.21,0.79,1.0
2025-12-10T20:23:20.186728,0.205,0.785,0.99
2025-12-10T20:23:21.312292,0.23,0.765,0.995
2025-12-10T20:23:22.534451,0.235,0.765,1.0
2025-12-10T20:23:23.654921,0.225,0.775,1.0
2025-12-10T20:23:24.829638,0.215,0.785,1.0
2025-12-10T20:23:25.997454,0.215,0.785,1.0
2025-12-10T20:23:27.168675,0.215,0.785,1.0
2025-12-10T20:23:28.327188,0.215,0.785,1.0
2025-12-10T20:23:29.498438,0.205,0.795,1.0
2025-12-10T20:23:30.657369,0.185,0.815,1.0
2025-12-10T20:23:31.793263,0.175,0.825,1.0
2025-12-10T20:23:32.957500,0.17,0.83,1.0
2025-12-10T20:23:34.085525,0.165,0.835,1.0
2025-12-10T20:23:35.247733,0.175,0.825,1.0
2025-12-10T20:23:36.423534,0.195,0.805,1.0
2025-12-10T20:23:37.542843,0.215,0.79,1.0050000000000001
2025-12-10T20:23:38.678885,0.215,0.785,1.0
2025-12-10T20:23:38.107040,0.205,0.795,1.0
2025-12-10T20:23:39.251061,0.19,0.81,1.0
2025-12-10T20:23:40.414619,0.185,0.815,1.0
2025-12-10T20:23:41.592923,0.185,0.815,1.0
2025-12-10T20:23:42.763921,0.175,0.825,1.0
2025-12-10T20:23:43.887256,0.155,0.845,1.0
2025-12-10T20:23:45.017257,0.155,0.845,1.0
2025-12-10T20:23:46.176930,0.145,0.855,1.0
2025-12-10T20:23:47.311711,0.155,0.85,1.005
2025-12-10T20:23:48.468099,0.145,0.855,1.0
2025-12-10T20:23:49.615772,0.135,0.865,1.0
2025-12-10T20:23:50.778959,0.135,0.865,1.0
2025-12-10T20:23:51.928408,0.135,0.865,1.0
2025-12-10T20:23:53.121325,0.135,0.87,1.005
2025-12-10T20:23:54.284883,0.13,0.87,1.0
2025-12-10T20:23:55.416196,0.145,0.855,1.0
2025-12-10T20:23:56.555203,0.155,0.845,1.0
2025-12-10T20:23:57.693420,0.16,0.84,1.0
2025-12-10T20:23:58.849856,0.16,0.84,1.0
2025-12-10T20:23:59.971668,0.16,0.84,1.0
2025-12-10T20:24:01.137950,0.165,0.835,1.0
2025-12-10T20:24:02.358510,0.16,0.84,1.0
2025-12-10T20:24:03.546643,0.145,0.855,1.0
2025-12-10T20:24:04.731658,0.135,0.865,1.0
2025-12-10T20:24:05.857623,0.13,0.87,1.0
2025-12-10T20:24:07.018282,0.125,0.875,1.0
2025-12-10T20:24:08.191212,0.115,0.885,1.0
2025-12-10T20:24:09.347663,0.105,0.895,1.0
2025-12-10T20:24:08.836465,0.105,0.895,1.0
2025-12-10T20:24:10.018218,0.095,0.905,1.0
2025-12-10T20:24:11.161611,0.095,0.905,1.0
2025-12-10T20:24:12.340828,0.095,0.905,1.0
2025-12-10T20:24:13.526325,0.095,0.905,1.0
2025-12-10T20:24:14.642088,0.095,0.905,1.0
2025-12-10T20:24:15.770383,0.1,0.905,1.0050000000000001
2025-12-10T20:24:16.902006,0.095,0.905,1.0
2025-12-10T20:24:18.056373,0.095,0.905,1.0
2025-12-10T20:24:19.198738,0.095,0.905,1.0
2025-12-10T20:24:20.393085,0.105,0.89,0.995
2025-12-10T20:24:21.555608,0.115,0.885,1.0
2025-12-10T20:24:22.756182,0.125,0.875,1.0
2025-12-10T20:24:23.894827,0.125,0.875,1.0
2025-12-10T20:24:25.060197,0.105,0.895,1.0
2025-12-10T20:24:26.180916,0.105,0.895,1.0
2025-12-10T20:24:27.297873,0.105,0.895,1.0
2025-12-10T20:24:28.423802,0.11,0.89,1.0
2025-12-10T20:24:29.534809,0.11,0.89,1.0
2025-12-10T20:24:30.655410,0.11,0.89,1.0
2025-12-10T20:24:31.785686,0.105,0.895,1.0
2025-12-10T20:24:32.926389,0.105,0.895,1.0
2025-12-10T20:24:34.260181,0.105,0.895,1.0
2025-12-10T20:24:35.365520,0.115,0.885,1.0
2025-12-10T20:24:36.513731,0.115,0.885,1.0
2025-12-10T20:24:37.629862,0.115,0.885,1.0
2025-12-10T20:24:38.804038,0.1,0.905,1.0050000000000001
2025-12-10T20:24:39.916200,0.095,0.91,1.0050000000000001
2025-12-10T20:24:39.374045,0.085,0.915,1.0
2025-12-10T20:24:40.514257,0.085,0.915,1.0
2025-12-10T20:24:41.616458,0.095,0.905,1.0
2025-12-10T20:24:42.724411,0.095,0.905,1.0
2025-12-10T20:24:43.929984,0.095,0.925,1.02
2025-12-10T20:24:45.044851,0.085,0.915,1.0
2025-12-10T20:24:46.156863,0.085,0.915,1.0
2025-12-10T20:24:47.266355,0.085,0.915,1.0
2025-12-10T20:24:48.388951,0.085,0.915,1.0
2025-12-10T20:24:49.505910,0.085,0.915,1.0
2025-12-10T20:24:50.667671,0.085,0.915,1.0
2025-12-10T20:24:51.782139,0.08,0.915,0.995
2025-12-10T20:24:52.921540,0.085,0.915,1.0
2025-12-10T20:24:54.086093,0.085,0.915,1.0
2025-12-10T20:24:55.220270,0.085,0.915,1.0
2025-12-10T20:24:56.345400,0.075,0.925,1.0
2025-12-10T20:24:57.462003,0.075,0.925,1.0
2025-12-10T20:24:58.579379,0.075,0.925,1.0
2025-12-10T20:24:59.700475,0.075,0.925,1.0
2025-12-10T20:25:00.832204,0.085,0.915,1.0
2025-12-10T20:25:01.981714,0.095,0.905,1.0
2025-12-10T20:25:03.128081,0.1,0.9,1.0
2025-12-10T20:25:04.244366,0.105,0.895,1.0
2025-12-10T20:25:05.383696,0.075,0.925,1.0
2025-12-10T20:25:06.538525,0.075,0.925,1.0
2025-12-10T20:25:07.808211,0.07,0.935,1.0050000000000001
2025-12-10T20:25:08.946864,0.07,0.93,1.0
2025-12-10T20:25:10.076290,0.065,0.935,1.0
2025-12-10T20:25:11.248365,0.065,0.935,1.0
2025-12-10T20:25:10.746146,0.065,0.935,1.0
2025-12-10T20:25:11.915650,0.06,0.94,1.0
2025-12-10T20:25:13.102474,0.06,0.94,1.0
2025-12-10T20:25:14.228647,0.06,0.94,1.0
2025-12-10T20:25:15.354594,0.06,0.94,1.0
2025-12-10T20:25:16.513685,0.065,0.935,1.0
2025-12-10T20:25:17.675176,0.055,0.945,1.0
2025-12-10T20:25:18.810395,0.055,0.945,1.0
2025-12-10T20:25:19.997283,0.065,0.935,1.0
2025-12-10T20:25:21.166563,0.075,0.925,1.0
2025-12-10T20:25:22.332322,0.075,0.925,1.0
2025-12-10T20:25:23.477489,0.08,0.92,1.0
2025-12-10T20:25:24.639801,0.08,0.92,1.0
2025-12-10T20:25:25.759106,0.075,0.92,0.995
2025-12-10T20:25:26.873751,0.085,0.915,1.0
2025-12-10T20:25:28.045750,0.085,0.915,1.0
2025-12-10T20:25:29.185130,0.08,0.92,1.0
2025-12-10T20:25:30.345597,0.08,0.92,1.0
2025-12-10T20:25:31.516609,0.075,0.925,1.0
2025-12-10T20:25:32.714715,0.08,0.92,1.0
2025-12-10T20:25:33.882602,0.065,0.935,1.0
2025-12-10T20:25:35.008734,0.07,0.93,1.0
2025-12-10T20:25:36.239094,0.07,0.93,1.0
2025-12-10T20:25:37.358165,0.055,0.945,1.0
2025-12-10T20:25:38.532225,0.085,0.915,1.0
2025-12-10T20:25:39.673779,0.09,0.91,1.0
2025-12-10T20:25:40.828352,0.085,0.92,1.0050000000000001
2025-12-10T20:25:41.960487,0.08,0.92,1.0
2025-12-10T20:25:41.413838,0.07,0.93,1.0
2025-12-10T20:25:42.592709,0.065,0.935,1.0
2025-12-10T20:25:43.734344,0.07,0.925,0.9950000000000001
2025-12-10T20:25:44.888555,0.065,0.925,0.99
2025-12-10T20:25:46.017483,0.08,0.92,1.0
2025-12-10T20:25:47.223570,0.08,0.92,1.0
2025-12-10T20:25:48.407528,0.075,0.925,1.0
2025-12-10T20:25:49.562628,0.07,0.93,1.0
2025-12-10T20:25:50.699238,0.055,0.945,1.0
2025-12-10T20:25:51.861763,0.055,0.945,1.0
2025-12-10T20:25:53.019605,0.055,0.945,1.0
2025-12-10T20:25:54.183776,0.045,0.955,1.0
2025-12-10T20:25:55.353995,0.045,0.955,1.0
2025-12-10T20:25:56.521363,0.05,0.95,1.0
2025-12-10T20:25:57.663588,0.035,0.965,1.0
2025-12-10T20:25:58.780498,0.04,0.96,1.0
2025-12-10T20:25:59.923825,0.05,0.955,1.005
2025-12-10T20:26:01.044244,0.055,0.945,1.0
2025-12-10T20:26:02.227938,0.035,0.965,1.0
2025-12-10T20:26:03.371439,0.04,0.96,1.0
2025-12-10T20:26:04.540989,0.04,0.96,1.0
2025-12-10T20:26:05.700028,0.035,0.965,1.0
2025-12-10T20:26:06.860242,0.045,0.955,1.0
2025-12-10T20:26:08.012446,0.035,0.965,1.0
2025-12-10T20:26:09.173693,0.025,0.975,1.0
2025-12-10T20:26:10.342512,0.025,0.975,1.0
2025-12-10T20:26:11.501980,0.025,0.975,1.0
2025-12-10T20:26:10.980217,0.025,0.975,1.0
2025-12-10T20:26:12.141267,0.015,0.985,1.0
2025-12-10T20:26:13.342562,0.015,0.985,1.0
2025-12-10T20:26:14.503804,0.015,0.985,1.0
2025-12-10T20:26:15.635171,0.015,0.985,1.0
2025-12-10T20:26:16.806396,0.015,0.985,1.0
2025-12-10T20:26:17.962503,0.015,0.985,1.0
2025-12-10T20:26:19.127985,0.015,0.985,1.0
2025-12-10T20:26:20.257721,0.015,0.985,1.0
2025-12-10T20:26:21.403164,0.015,0.985,1.0
2025-12-10T20:26:22.533661,0.015,0.985,1.0
2025-12-10T20:26:23.654458,0.015,0.985,1.0
2025-12-10T20:26:24.797759,0.015,0.985,1.0
2025-12-10T20:26:25.962908,0.015,0.985,1.0
2025-12-10T20:26:27.104462,0.015,0.985,1.0
2025-12-10T20:26:28.280703,0.025,0.975,1.0
2025-12-10T20:26:29.437039,0.025,0.975,1.0
2025-12-10T20:26:30.598180,0.025,0.975,1.0
2025-12-10T20:26:31.729462,0.015,0.985,1.0
2025-12-10T20:26:32.866786,0.015,0.985,1.0
2025-12-10T20:26:34.036149,0.025,0.975,1.0
2025-12-10T20:26:35.184532,0.015,0.985,1.0
2025-12-10T20:26:36.360636,0.015,0.985,1.0
2025-12-10T20:26:37.547145,0.015,0.985,1.0
2025-12-10T20:26:38.708972,0.015,0.985,1.0
2025-12-10T20:26:39.914921,0.015,0.985,1.0
2025-12-10T20:26:41.080358,0.015,0.985,1.0
2025-12-10T20:26:42.244000,0.015,0.985,1.0
2025-12-10T20:26:41.679529,0.015,0.985,1.0
2025-12-10T20:26:42.840876,0.015,0.985,1.0
2025-12-10T20:26:43.966448,0.015,0.985,1.0
2025-12-10T20:26:45.134997,0.015,0.985,1.0
2025-12-10T20:26:46.281249,0.015,0.985,1.0
2025-12-10T20:26:47.433924,0.015,0.985,1.0
2025-12-10T20:26:48.571904,0.015,0.985,1.0
2025-12-10T20:26:49.721004,0.015,0.985,1.0
2025-12-10T20:26:50.894208,0.015,0.985,1.0
2025-12-10T20:26:52.116042,0.015,0.985,1.0
2025-12-10T20:26:53.307741,0.015,0.985,1.0
2025-12-10T20:26:54.446568,0.015,0.985,1.0
2025-12-10T20:26:55.595611,0.015,0.985,1.0
2025-12-10T20:26:56.733124,0.015,0.985,1.0
2025-12-10T20:26:57.838355,0.015,0.985,1.0
2025-12-10T20:26:59.011281,0.015,0.985,1.0
2025-12-10T20:27:00.180555,0.015,0.985,1.0
2025-12-10T20:27:01.357907,0.015,0.985,1.0
2025-12-10T20:27:02.551074,0.005,0.995,1.0
2025-12-10T20:27:03.716638,0.005,0.995,1.0
2025-12-10T20:27:04.933885,0.005,0.995,1.0
2025-12-10T20:27:06.054368,0.005,0.995,1.0
2025-12-10T20:27:07.228236,0.005,0.995,1.0
2025-12-10T20:27:08.401763,0.005,0.995,1.0
2025-12-10T20:27:09.546363,0.005,0.995,1.0
2025-12-10T20:27:10.718234,0.005,0.995,1.0
2025-12-10T20:27:11.915460,0.005,0.995,1.0
2025-12-10T20:27:13.075779,0.005,0.995,1.0
2025-12-10T20:27:12.551755,0.005,0.995,1.0
2025-12-10T20:27:13.677595,0.005,0.995,1.0
2025-12-10T20:27:14.850760,0.005,0.995,1.0
2025-12-10T20:27:15.967673,0.005,0.995,1.0
2025-12-10T20:27:17.157666,0.005,0.995,1.0
2025-12-10T20:27:18.294919,0.005,0.995,1.0
2025-12-10T20:27:19.470015,0.005,0.995,1.0
2025-12-10T20:27:20.598569,0.005,0.995,1.0
2025-12-10T20:27:21.764786,0.005,0.995,1.0
2025-12-10T20:27:22.922633,0.015,0.985,1.0
2025-12-10T20:27:24.088334,0.015,0.985,1.0
2025-12-10T20:27:25.247986,0.015,0.985,1.0
2025-12-10T20:27:26.382072,0.015,0.985,1.0
2025-12-10T20:27:27.573787,0.015,0.985,1.0
2025-12-10T20:27:28.699936,0.015,0.985,1.0
2025-12-10T20:27:29.860398,0.015,0.985,1.0
2025-12-10T20:27:31.018434,0.015,0.985,1.0
2025-12-10T20:27:32.204101,0.015,0.985,1.0
2025-12-10T20:27:33.325018,0.015,0.985,1.0
2025-12-10T20:27:34.450654,0.015,0.985,1.0
2025-12-10T20:27:35.610539,0.015,0.985,1.0
2025-12-10T20:27:36.784258,0.005,0.995,1.0
2025-12-10T20:27:37.926455,0.005,0.995,1.0
2025-12-10T20:27:39.057648,0.005,0.995,1.0
2025-12-10T20:27:40.193122,0.005,0.995,1.0
2025-12-10T20:27:41.344651,0.005,0.995,1.0
2025-12-10T20:27:42.458895,0.005,0.995,1.0
2025-12-10T20:27:43.569386,0.005,0.995,1.0
2025-12-10T20:27:43.027302,0.005,0.995,1.0
2025-12-10T20:27:44.143446,0.005,0.995,1.0
2025-12-10T20:27:45.267242,0.005,0.995,1.0
2025-12-10T20:27:46.388657,0.005,0.995,1.0
2025-12-10T20:27:47.519415,0.0015,0.9985,1.0
2025-12-10T20:27:48.635691,0.0015,0.9985,1.0
2025-12-10T20:27:49.745692,0.0015,0.9985,1.0
2025-12-10T20:27:50.871255,0.0015,0.9985,1.0
2025-12-10T20:27:52.015891,0.0015,0.9985,1.0
2025-12-10T20:27:53.130915,0.0015,0.9985,1.0
2025-12-10T20:27:54.249271,0.0015,0.9985,1.0
2025-12-10T20:27:55.376509,0.0005,0.995,0.9954999999999999
2025-12-10T20:27:56.550818,0.005,0.995,1.0
2025-12-10T20:27:57.681187,0.005,0.995,1.0
2025-12-10T20:27:58.821480,0.005,0.995,1.0
2025-12-10T20:27:59.925618,0.005,0.995,1.0
2025-12-10T20:28:01.071541,0.005,0.995,1.0
2025-12-10T20:28:02.227996,0.005,0.995,1.0
2025-12-10T20:28:03.354872,0.005,0.995,1.0
2025-12-10T20:28:04.470497,0.005,0.995,1.0
2025-12-10T20:28:05.591501,0.0005,0.9995,1.0
2025-12-10T20:28:06.711460,0.0005,0.9995,1.0
2025-12-10T20:28:07.901740,0.0005,0.9995,1.0
2025-12-10T20:28:09.042061,0.0005,0.9995,1.0
2025-12-10T20:28:10.279983,0.0005,0.9995,1.0
2025-12-10T20:28:11.543537,0.0005,0.9995,1.0
2025-12-10T20:28:12.705864,0.0005,0.9995,1.0
2025-12-10T20:28:13.859529,0.0005,0.9995,1.0
2025-12-10T20:28:13.316569,0.0005,0.9995,1.0
2025-12-10T20:28:14.480266,0.0005,0.9995,1.0
2025-12-10T20:28:15.600729,0.0005,0.9995,1.0
2025-12-10T20:28:16.793316,0.0005,0.9995,1.0
2025-12-10T20:28:18.003654,0.0005,0.9995,1.0
2025-12-10T20:28:19.156985,0.0005,0.9995,1.0
2025-12-10T20:28:20.298556,0.0005,0.9995,1.0
2025-12-10T20:28:21.456686,0.0005,0.9995,1.0
2025-12-10T20:28:22.632313,0.0005,0.9995,1.0
2025-12-10T20:28:23.784809,0.0005,0.9995,1.0
2025-12-10T20:28:24.936418,0.0005,0.9995,1.0
2025-12-10T20:28:26.064600,0.0005,0.9995,1.0
2025-12-10T20:28:27.224412,0.0005,0.9995,1.0
2025-12-10T20:28:28.364493,0.0005,0.9995,1.0
2025-12-10T20:28:29.503848,0.0005,0.9995,1.0
2025-12-10T20:28:30.672549,0.0005,0.9995,1.0
2025-12-10T20:28:31.878529,0.0005,0.9995,1.0
2025-12-10T20:28:33.001394,0.0005,0.9995,1.0
2025-12-10T20:28:34.165561,0.0005,0.9995,1.0
2025-12-10T20:28:35.389193,0.0005,0.9995,1.0
2025-12-10T20:28:36.524195,0.0005,0.9995,1.0
2025-12-10T20:28:37.680955,0.0005,0.9995,1.0
2025-12-10T20:28:38.818545,0.0005,0.9995,1.0
2025-12-10T20:28:39.987709,0.0005,0.9995,1.0
2025-12-10T20:28:41.149257,0.0005,0.9995,1.0
2025-12-10T20:28:42.308535,0.0005,0.9995,1.0
2025-12-10T20:28:43.461325,0.0005,0.9995,1.0
2025-12-10T20:28:44.674893,0.0005,0.9995,1.0
2025-12-10T20:28:44.116282,0.0005,0.9995,1.0
2025-12-10T20:28:45.239325,0.0005,0.9995,1.0
2025-12-10T20:28:46.418206,0.0005,0.9995,1.0
2025-12-10T20:28:47.554633,0.0005,0.9995,1.0
2025-12-10T20:28:48.707711,0.0005,0.9995,1.0
2025-12-10T20:28:49.839796,0.0005,0.9995,1.0
2025-12-10T20:28:51.014620,0.0005,0.9995,1.0
2025-12-10T20:28:52.169747,0.0005,0.9995,1.0
2025-12-10T20:28:53.450748,0.0005,0.9995,1.0
2025-12-10T20:28:54.611415,0.0005,0.9995,1.0
2025-12-10T20:28:55.770810,0.0005,0.9995,1.0
2025-12-10T20:28:56.934256,0.0005,0.9995,1.0
2025-12-10T20:28:58.067241,0.0005,0.9995,1.0
2025-12-10T20:28:59.187050,0.0005,0.9995,1.0
2025-12-10T20:29:00.332462,0.0005,0.9995,1.0
2025-12-10T20:29:01.485203,0.0005,0.9995,1.0
2025-12-10T20:29:02.669633,0.0005,0.9995,1.0
2025-12-10T20:29:03.835924,0.0005,0.9995,1.0
2025-12-10T20:29:04.999945,0.0005,0.9995,1.0
2025-12-10T20:29:06.170170,0.0005,0.9995,1.0
2025-12-10T20:29:07.297113,0.0005,0.9995,1.0
2025-12-10T20:29:08.444840,0.0005,0.9995,1.0
2025-12-10T20:29:09.608619,0.0005,0.9995,1.0
2025-12-10T20:29:10.752631,0.0005,0.9995,1.0
2025-12-10T20:29:11.895865,0.0005,0.9995,1.0
2025-12-10T20:29:13.035397,0.0005,0.9995,1.0
2025-12-10T20:29:14.192314,0.0005,0.9995,1.0
2025-12-10T20:29:15.307614,0.0005,0.9995,1.0
2025-12-10T20:29:14.849638,0.0005,0.9995,1.0
2025-12-10T20:29:16.012582,0.0005,0.9995,1.0
2025-12-10T20:29:17.140898,0.0005,0.9995,1.0
2025-12-10T20:29:18.306446,0.0005,0.9995,1.0
2025-12-10T20:29:19.448099,0.0005,0.9995,1.0
2025-12-10T20:29:20.597452,0.0005,0.9995,1.0
2025-12-10T20:29:21.747005,0.0005,0.9995,1.0
2025-12-10T20:29:22.956411,0.0005,0.9995,1.0
2025-12-10T20:29:24.106855,0.0005,0.9995,1.0
2025-12-10T20:29:25.282028,0.0005,0.9995,1.0
2025-12-10T20:29:26.446512,0.0005,0.9995,1.0
2025-12-10T20:29:27.606203,0.0005,0.9995,1.0
2025-12-10T20:29:28.781940,0.0005,0.9995,1.0
2025-12-10T20:29:29.928075,0.0005,0.9995,1.0
2025-12-10T20:29:31.118575,0.0005,0.9995,1.0
2025-12-10T20:29:32.255263,0.0005,0.9995,1.0
2025-12-10T20:29:33.431207,0.0005,0.9995,1.0
2025-12-10T20:29:34.572820,0.0005,0.9995,1.0
2025-12-10T20:29:35.732315,0.0005,0.9995,1.0
2025-12-10T20:29:36.919171,0.0005,0.9995,1.0
2025-12-10T20:29:38.128734,0.0005,0.9995,1.0
2025-12-10T20:29:39.288662,0.0005,0.9995,1.0
2025-12-10T20:29:40.436129,0.0005,0.9995,1.0
2025-12-10T20:29:41.577182,0.0005,0.9995,1.0
2025-12-10T20:29:42.771768,0.0005,0.9995,1.0
2025-12-10T20:29:43.936825,0.0005,0.9995,1.0
2025-12-10T20:29:45.090782,0.0005,0.9995,1.0
2025-12-10T20:29:46.282234,0.0005,0.9995,1.0
2025-12-10T20:29:45.774079,0.0005,0.9995,1.0
2025-12-10T20:29:46.947402,0.0005,0.9995,1.0
2025-12-10T20:29:48.079818,0.0005,0.9995,1.0
2025-12-10T20:29:49.211213,0.0005,0.9995,1.0
2025-12-10T20:29:50.366348,0.0005,0.9995,1.0
2025-12-10T20:29:51.518408,0.0005,0.9995,1.0
2025-12-10T20:29:52.684033,0.0005,0.9995,1.0
2025-12-10T20:29:53.833130,0.0005,0.9995,1.0
2025-12-10T20:29:55.008091,0.0005,0.9995,1.0
2025-12-10T20:29:56.136210,0.0005,0.9995,1.0
2025-12-10T20:29:57.310790,0.0005,0.9995,1.0
2025-12-10T20:29:58.469467,0.0005,0.9995,1.0
2025-12-10T20:29:59.603975,0.0005,0.9995,1.0
2025-12-10T20:30:00.762792,0.0005,0.9995,1.0
2025-12-10T20:30:01.949439,0.0005,0.9995,1.0
2025-12-10T20:30:03.139227,0.0005,0.9995,1.0
2025-12-10T20:30:04.300045,0.0005,0.9995,1.0
2025-12-10T20:30:05.482491,0.0005,0.9995,1.0
2025-12-10T20:30:06.669995,0.0005,0.9995,1.0
2025-12-10T20:30:07.846148,0.0005,0.9995,1.0
2025-12-10T20:30:09.002101,0.0005,0.9995,1.0
2025-12-10T20:30:10.136744,0.0005,0.9995,1.0
2025-12-10T20:30:11.299456,0.0005,0.9995,1.0
2025-12-10T20:30:12.422536,0.0005,0.9995,1.0
2025-12-10T20:30:13.582367,0.0005,0.9995,1.0
2025-12-10T20:30:14.746043,0.0005,0.9995,1.0
2025-12-10T20:30:15.868417,0.0005,0.9995,1.0
2025-12-10T20:30:17.021098,0.0005,0.9995,1.0
2025-12-10T20:30:16.490822,0.0005,0.9995,1.0
2025-12-10T20:30:17.700782,0.0005,0.9995,1.0
2025-12-10T20:30:18.822884,0.0005,0.9995,1.0
2025-12-10T20:30:19.979242,0.0005,0.9995,1.0
2025-12-10T20:30:21.126269,0.0005,0.9995,1.0
2025-12-10T20:30:22.318124,0.0005,0.9995,1.0
2025-12-10T20:30:23.513167,0.0005,0.9995,1.0
2025-12-10T20:30:24.722301,0.0005,0.9995,1.0
2025-12-10T20:30:25.864462,0.0005,0.9995,1.0
2025-12-10T20:30:27.042311,0.0005,0.9995,1.0
2025-12-10T20:30:28.212828,0.0005,0.9995,1.0
2025-12-10T20:30:29.383277,0.0005,0.9995,1.0
2025-12-10T20:30:30.576066,0.0005,0.9995,1.0
2025-12-10T20:30:31.725025,0.0005,0.9995,1.0
2025-12-10T20:30:32.921199,0.0005,0.9995,1.0
2025-12-10T20:30:34.122090,0.0005,0.9995,1.0
2025-12-10T20:30:35.315506,0.0005,0.9995,1.0
2025-12-10T20:30:36.467358,0.0005,0.9995,1.0
2025-12-10T20:30:37.649216,0.0005,0.9995,1.0
2025-12-10T20:30:38.845753,0.0005,0.9995,1.0
2025-12-10T20:30:39.960143,0.0005,0.9995,1.0
2025-12-10T20:30:41.115732,0.0005,0.9995,1.0
2025-12-10T20:30:42.231612,0.0005,0.9995,1.0
2025-12-10T20:30:43.437190,0.0005,0.9995,1.0
2025-12-10T20:30:44.571338,0.0005,0.9995,1.0
2025-12-10T20:30:45.847576,0.0005,0.9995,1.0
2025-12-10T20:30:46.998641,0.0005,0.9995,1.0
2025-12-10T20:30:46.486719,0.0005,0.9995,1.0
2025-12-10T20:30:47.656930,0.0005,0.9995,1.0
2025-12-10T20:30:48.775743,0.0005,0.9995,1.0
2025-12-10T20:30:49.935946,0.0005,0.9995,1.0
2025-12-10T20:30:51.077168,0.0005,0.9995,1.0
2025-12-10T20:30:52.223265,0.0005,0.9995,1.0
2025-12-10T20:30:53.423081,0.0005,0.9995,1.0
2025-12-10T20:30:54.583344,0.0005,0.9995,1.0
2025-12-10T20:30:55.744645,0.0005,0.9995,1.0
2025-12-10T20:30:56.906197,0.0005,0.9995,1.0
2025-12-10T20:30:58.106172,0.0005,0.9995,1.0
2025-12-10T20:30:59.251006,0.0005,0.9995,1.0
