timestamp,price_yes,price_no,sum_prices
2025-12-11T07:16:00.473347,0.51,0.49,1.0
2025-12-11T07:16:01.135842,0.515,0.485,1.0
2025-12-11T07:16:01.764985,0.505,0.495,1.0
2025-12-11T07:16:02.373055,0.51,0.49,1.0
2025-12-11T07:16:03.001897,0.505,0.495,1.0
2025-12-11T07:16:03.625278,0.51,0.495,1.005
2025-12-11T07:16:02.686821,0.505,0.495,1.0
2025-12-11T07:16:03.324854,0.505,0.495,1.0
2025-12-11T07:16:03.956727,0.505,0.495,1.0
2025-12-11T07:16:04.585005,0.505,0.495,1.0
2025-12-11T07:16:05.207899,0.505,0.495,1.0
2025-12-11T07:16:05.854821,0.505,0.495,1.0
2025-12-11T07:16:06.473557,0.505,0.495,1.0
2025-12-11T07:16:07.104082,0.505,0.495,1.0
2025-12-11T07:16:07.727276,0.505,0.495,1.0
2025-12-11T07:16:08.351197,0.505,0.495,1.0
2025-12-11T07:16:08.984006,0.505,0.495,1.0
2025-12-11T07:16:09.613248,0.505,0.495,1.0
2025-12-11T07:16:10.236836,0.505,0.495,1.0
2025-12-11T07:16:10.868494,0.505,0.495,1.0
2025-12-11T07:16:11.509126,0.505,0.495,1.0
2025-12-11T07:16:12.135617,0.505,0.495,1.0
2025-12-11T07:16:12.768029,0.505,0.495,1.0
2025-12-11T07:16:13.412042,0.505,0.495,1.0
2025-12-11T07:16:14.037237,0.505,0.495,1.0
2025-12-11T07:16:14.672713,0.505,0.495,1.0
2025-12-11T07:16:15.300392,0.505,0.495,1.0
2025-12-11T07:16:15.923550,0.495,0.515,1.01
2025-12-11T07:16:16.556737,0.46,0.54,1.0
2025-12-11T07:16:17.191167,0.46,0.54,1.0
2025-12-11T07:16:17.826907,0.465,0.535,1.0
2025-12-11T07:16:18.454248,0.465,0.535,1.0
2025-12-11T07:16:19.091769,0.465,0.535,1.0
2025-12-11T07:16:19.729742,0.465,0.535,1.0
2025-12-11T07:16:20.348130,0.465,0.535,1.0
2025-12-11T07:16:20.973784,0.465,0.535,1.0
2025-12-11T07:16:21.604372,0.465,0.535,1.0
2025-12-11T07:16:22.214904,0.465,0.535,1.0
2025-12-11T07:16:22.854709,0.455,0.545,1.0
2025-12-11T07:16:23.488722,0.455,0.545,1.0
2025-12-11T07:16:24.120835,0.445,0.56,1.0050000000000001
2025-12-11T07:16:24.758087,0.435,0.565,1.0
2025-12-11T07:16:25.377502,0.435,0.565,1.0
2025-12-11T07:16:26.009247,0.435,0.565,1.0
2025-12-11T07:16:26.638694,0.44,0.56,1.0
2025-12-11T07:16:27.250940,0.44,0.565,1.005
2025-12-11T07:16:27.881850,0.435,0.565,1.0
2025-12-11T07:16:28.505777,0.435,0.565,1.0
2025-12-11T07:16:29.135254,0.425,0.575,1.0
2025-12-11T07:16:29.760039,0.435,0.565,1.0
2025-12-11T07:16:30.399514,0.425,0.575,1.0
2025-12-11T07:16:31.039391,0.425,0.575,1.0
2025-12-11T07:16:31.683558,0.415,0.585,1.0
2025-12-11T07:16:32.312218,0.415,0.585,1.0
2025-12-11T07:16:32.936622,0.415,0.585,1.0
2025-12-11T07:16:33.578904,0.405,0.595,1.0
2025-12-11T07:16:34.194293,0.41,0.59,1.0
2025-12-11T07:16:33.270338,0.415,0.585,1.0
2025-12-11T07:16:33.895542,0.415,0.585,1.0
2025-12-11T07:16:34.533120,0.415,0.585,1.0
2025-12-11T07:16:35.181565,0.405,0.595,1.0
2025-12-11T07:16:35.800542,0.405,0.595,1.0
2025-12-11T07:16:36.422191,0.41,0.59,1.0
2025-12-11T07:16:37.052367,0.41,0.595,1.005
2025-12-11T07:16:37.711810,0.41,0.59,1.0
2025-12-11T07:16:38.347706,0.41,0.59,1.0
2025-12-11T07:16:38.975339,0.41,0.59,1.0
2025-12-11T07:16:39.645730,0.405,0.595,1.0
2025-12-11T07:16:40.274969,0.405,0.595,1.0
2025-12-11T07:16:40.898840,0.405,0.595,1.0
2025-12-11T07:16:41.534669,0.405,0.595,1.0
2025-12-11T07:16:42.166310,0.405,0.595,1.0
2025-12-11T07:16:42.793172,0.405,0.595,1.0
2025-12-11T07:16:43.427349,0.405,0.595,1.0
2025-12-11T07:16:44.052282,0.405,0.595,1.0
2025-12-11T07:16:44.674581,0.405,0.595,1.0
2025-12-11T07:16:45.311348,0.405,0.595,1.0
2025-12-11T07:16:45.950770,0.405,0.595,1.0
2025-12-11T07:16:46.556581,0.405,0.595,1.0
2025-12-11T07:16:47.187523,0.405,0.595,1.0
2025-12-11T07:16:47.825710,0.405,0.595,1.0
2025-12-11T07:16:48.450715,0.405,0.595,1.0
2025-12-11T07:16:49.074014,0.405,0.595,1.0
2025-12-11T07:16:49.706058,0.405,0.595,1.0
2025-12-11T07:16:50.338413,0.405,0.595,1.0
2025-12-11T07:16:50.968944,0.405,0.595,1.0
2025-12-11T07:16:51.590128,0.405,0.595,1.0
2025-12-11T07:16:52.220428,0.395,0.605,1.0
2025-12-11T07:16:52.849009,0.405,0.595,1.0
2025-12-11T07:16:53.482402,0.405,0.595,1.0
2025-12-11T07:16:54.103718,0.4,0.6,1.0
2025-12-11T07:16:54.728293,0.405,0.595,1.0
2025-12-11T07:16:55.411852,0.405,0.595,1.0
2025-12-11T07:16:56.083103,0.4,0.6,1.0
2025-12-11T07:16:56.706909,0.4,0.6,1.0
2025-12-11T07:16:57.333940,0.4,0.6,1.0
2025-12-11T07:16:57.956602,0.405,0.595,1.0
2025-12-11T07:16:58.587977,0.4,0.6,1.0
2025-12-11T07:16:59.239850,0.395,0.605,1.0
2025-12-11T07:16:59.863334,0.395,0.605,1.0
2025-12-11T07:17:00.489857,0.4,0.6,1.0
2025-12-11T07:17:01.123135,0.4,0.6,1.0
2025-12-11T07:17:01.749502,0.4,0.6,1.0
2025-12-11T07:17:02.373110,0.4,0.6,1.0
2025-12-11T07:17:02.997673,0.4,0.6,1.0
2025-12-11T07:17:03.629722,0.4,0.6,1.0
2025-12-11T07:17:04.259597,0.4,0.6,1.0
2025-12-11T07:17:04.890370,0.4,0.6,1.0
2025-12-11T07:17:03.955984,0.395,0.605,1.0
2025-12-11T07:17:04.596799,0.395,0.605,1.0
2025-12-11T07:17:05.220927,0.39,0.61,1.0
2025-12-11T07:17:05.844068,0.395,0.605,1.0
2025-12-11T07:17:06.480545,0.4,0.6,1.0
2025-12-11T07:17:07.111121,0.415,0.585,1.0
2025-12-11T07:17:07.735792,0.415,0.585,1.0
2025-12-11T07:17:08.369994,0.415,0.595,1.01
2025-12-11T07:17:08.997876,0.4,0.6,1.0
2025-12-11T07:17:09.638836,0.415,0.585,1.0
2025-12-11T07:17:10.279258,0.415,0.585,1.0
2025-12-11T07:17:10.915476,0.415,0.585,1.0
2025-12-11T07:17:11.542451,0.415,0.585,1.0
2025-12-11T07:17:12.167372,0.425,0.575,1.0
2025-12-11T07:17:12.797101,0.43,0.565,0.9949999999999999
2025-12-11T07:17:13.430781,0.43,0.57,1.0
2025-12-11T07:17:14.072673,0.435,0.565,1.0
2025-12-11T07:17:14.699490,0.435,0.57,1.005
2025-12-11T07:17:15.326290,0.43,0.57,1.0
2025-12-11T07:17:15.958851,0.43,0.57,1.0
2025-12-11T07:17:16.626017,0.435,0.56,0.9950000000000001
2025-12-11T07:17:17.249653,0.445,0.555,1.0
2025-12-11T07:17:17.886608,0.475,0.525,1.0
2025-12-11T07:17:18.526540,0.475,0.525,1.0
2025-12-11T07:17:19.145051,0.475,0.525,1.0
2025-12-11T07:17:19.794071,0.47,0.53,1.0
2025-12-11T07:17:20.443891,0.47,0.53,1.0
2025-12-11T07:17:21.078919,0.465,0.535,1.0
2025-12-11T07:17:21.717994,0.465,0.535,1.0
2025-12-11T07:17:22.369570,0.465,0.535,1.0
2025-12-11T07:17:22.999329,0.465,0.535,1.0
2025-12-11T07:17:23.638960,0.465,0.535,1.0
2025-12-11T07:17:24.263756,0.465,0.53,0.9950000000000001
2025-12-11T07:17:24.891358,0.475,0.525,1.0
2025-12-11T07:17:25.524472,0.47,0.53,1.0
2025-12-11T07:17:26.155422,0.475,0.525,1.0
2025-12-11T07:17:26.790294,0.475,0.525,1.0
2025-12-11T07:17:27.414924,0.48,0.515,0.995
2025-12-11T07:17:28.045487,0.495,0.505,1.0
2025-12-11T07:17:28.677865,0.495,0.505,1.0
2025-12-11T07:17:29.302395,0.495,0.505,1.0
2025-12-11T07:17:29.929323,0.495,0.505,1.0
2025-12-11T07:17:30.557228,0.495,0.505,1.0
2025-12-11T07:17:31.181398,0.485,0.515,1.0
2025-12-11T07:17:31.806689,0.475,0.505,0.98
2025-12-11T07:17:32.434541,0.485,0.52,1.005
2025-12-11T07:17:33.064881,0.47,0.53,1.0
2025-12-11T07:17:33.683983,0.47,0.53,1.0
2025-12-11T07:17:34.310366,0.47,0.53,1.0
2025-12-11T07:17:34.944449,0.47,0.53,1.0
2025-12-11T07:17:35.573596,0.475,0.525,1.0
2025-12-11T07:17:34.642495,0.48,0.525,1.005
2025-12-11T07:17:35.265281,0.475,0.525,1.0
2025-12-11T07:17:35.878634,0.475,0.525,1.0
2025-12-11T07:17:36.512118,0.47,0.53,1.0
2025-12-11T07:17:37.134812,0.47,0.53,1.0
2025-12-11T07:17:37.769721,0.475,0.525,1.0
2025-12-11T07:17:38.402221,0.475,0.525,1.0
2025-12-11T07:17:39.025823,0.475,0.525,1.0
2025-12-11T07:17:39.653936,0.475,0.525,1.0
2025-12-11T07:17:40.284172,0.475,0.525,1.0
2025-12-11T07:17:40.918567,0.475,0.525,1.0
2025-12-11T07:17:41.529439,0.485,0.52,1.005
2025-12-11T07:17:42.160811,0.455,0.545,1.0
2025-12-11T07:17:42.787994,0.41,0.59,1.0
2025-12-11T07:17:43.417992,0.405,0.595,1.0
2025-12-11T07:17:44.050333,0.4,0.6,1.0
2025-12-11T07:17:44.711783,0.405,0.595,1.0
2025-12-11T07:17:45.345866,0.41,0.585,0.9949999999999999
2025-12-11T07:17:45.969804,0.405,0.595,1.0
2025-12-11T07:17:46.603295,0.41,0.59,1.0
2025-12-11T07:17:47.246851,0.41,0.59,1.0
2025-12-11T07:17:47.878026,0.405,0.595,1.0
2025-12-11T07:17:48.506996,0.41,0.59,1.0
2025-12-11T07:17:49.140476,0.415,0.585,1.0
2025-12-11T07:17:49.762132,0.415,0.575,0.99
2025-12-11T07:17:50.393546,0.445,0.555,1.0
2025-12-11T07:17:51.022802,0.445,0.56,1.0050000000000001
2025-12-11T07:17:51.661930,0.435,0.565,1.0
2025-12-11T07:17:52.285086,0.435,0.565,1.0
2025-12-11T07:17:52.912106,0.42,0.58,1.0
2025-12-11T07:17:53.530457,0.42,0.58,1.0
2025-12-11T07:17:54.153554,0.425,0.575,1.0
2025-12-11T07:17:54.783378,0.425,0.575,1.0
2025-12-11T07:17:55.407955,0.425,0.575,1.0
2025-12-11T07:17:56.036445,0.425,0.575,1.0
2025-12-11T07:17:56.675930,0.425,0.575,1.0
2025-12-11T07:17:57.305536,0.425,0.575,1.0
2025-12-11T07:17:57.937535,0.425,0.575,1.0
2025-12-11T07:17:58.570105,0.43,0.57,1.0
2025-12-11T07:17:59.212814,0.425,0.575,1.0
2025-12-11T07:17:59.840331,0.425,0.575,1.0
2025-12-11T07:18:00.470460,0.425,0.575,1.0
2025-12-11T07:18:01.110804,0.425,0.575,1.0
2025-12-11T07:18:01.722733,0.425,0.575,1.0
2025-12-11T07:18:02.354190,0.425,0.575,1.0
2025-12-11T07:18:02.984472,0.425,0.575,1.0
2025-12-11T07:18:03.620524,0.425,0.575,1.0
2025-12-11T07:18:04.250777,0.425,0.575,1.0
2025-12-11T07:18:04.878811,0.425,0.575,1.0
2025-12-11T07:18:05.518574,0.425,0.585,1.01
2025-12-11T07:18:06.157060,0.415,0.58,0.9949999999999999
2025-12-11T07:18:05.224263,0.42,0.58,1.0
2025-12-11T07:18:05.845483,0.42,0.58,1.0
2025-12-11T07:18:06.456768,0.415,0.585,1.0
2025-12-11T07:18:07.085918,0.405,0.59,0.995
2025-12-11T07:18:07.710985,0.405,0.595,1.0
2025-12-11T07:18:08.343197,0.415,0.585,1.0
2025-12-11T07:18:09.004485,0.415,0.585,1.0
2025-12-11T07:18:09.671660,0.415,0.585,1.0
2025-12-11T07:18:10.296975,0.415,0.585,1.0
2025-12-11T07:18:10.922664,0.415,0.585,1.0
2025-12-11T07:18:11.546477,0.415,0.585,1.0
2025-12-11T07:18:12.171471,0.415,0.585,1.0
2025-12-11T07:18:12.792223,0.415,0.585,1.0
2025-12-11T07:18:13.421398,0.415,0.585,1.0
2025-12-11T07:18:14.046970,0.415,0.585,1.0
2025-12-11T07:18:14.655592,0.42,0.58,1.0
2025-12-11T07:18:15.265857,0.425,0.575,1.0
2025-12-11T07:18:15.904494,0.425,0.575,1.0
2025-12-11T07:18:16.520548,0.42,0.58,1.0
2025-12-11T07:18:17.132702,0.42,0.58,1.0
2025-12-11T07:18:17.758574,0.425,0.575,1.0
2025-12-11T07:18:18.377792,0.425,0.575,1.0
2025-12-11T07:18:18.990594,0.43,0.57,1.0
2025-12-11T07:18:19.601476,0.45,0.55,1.0
2025-12-11T07:18:20.210661,0.45,0.55,1.0
2025-12-11T07:18:20.822370,0.445,0.565,1.01
2025-12-11T07:18:21.433232,0.435,0.565,1.0
2025-12-11T07:18:22.059702,0.425,0.575,1.0
2025-12-11T07:18:22.687412,0.43,0.57,1.0
2025-12-11T07:18:23.296849,0.425,0.575,1.0
2025-12-11T07:18:23.907431,0.43,0.57,1.0
2025-12-11T07:18:24.567483,0.43,0.57,1.0
2025-12-11T07:18:25.177342,0.425,0.575,1.0
2025-12-11T07:18:25.791008,0.425,0.575,1.0
2025-12-11T07:18:26.408233,0.43,0.57,1.0
2025-12-11T07:18:27.027001,0.43,0.57,1.0
2025-12-11T07:18:27.649718,0.43,0.57,1.0
2025-12-11T07:18:28.270401,0.43,0.57,1.0
2025-12-11T07:18:28.879001,0.43,0.57,1.0
2025-12-11T07:18:29.500324,0.43,0.57,1.0
2025-12-11T07:18:30.122359,0.425,0.575,1.0
2025-12-11T07:18:30.744017,0.425,0.575,1.0
2025-12-11T07:18:31.364662,0.425,0.575,1.0
2025-12-11T07:18:31.978312,0.435,0.565,1.0
2025-12-11T07:18:32.642870,0.435,0.565,1.0
2025-12-11T07:18:33.260963,0.435,0.565,1.0
2025-12-11T07:18:33.886347,0.435,0.565,1.0
2025-12-11T07:18:34.500548,0.435,0.565,1.0
2025-12-11T07:18:35.121657,0.43,0.57,1.0
2025-12-11T07:18:35.747038,0.425,0.575,1.0
2025-12-11T07:18:36.364439,0.43,0.57,1.0
2025-12-11T07:18:36.987646,0.43,0.57,1.0
2025-12-11T07:18:36.033963,0.425,0.575,1.0
2025-12-11T07:18:36.648821,0.425,0.575,1.0
2025-12-11T07:18:37.265344,0.425,0.575,1.0
2025-12-11T07:18:37.914887,0.425,0.575,1.0
2025-12-11T07:18:38.532295,0.425,0.575,1.0
2025-12-11T07:18:39.145335,0.425,0.575,1.0
2025-12-11T07:18:39.767426,0.43,0.57,1.0
2025-12-11T07:18:40.389905,0.43,0.57,1.0
2025-12-11T07:18:41.000375,0.425,0.575,1.0
2025-12-11T07:18:41.622176,0.425,0.575,1.0
2025-12-11T07:18:42.237600,0.425,0.575,1.0
2025-12-11T07:18:42.850501,0.425,0.575,1.0
2025-12-11T07:18:43.469834,0.375,0.63,1.005
2025-12-11T07:18:44.095219,0.365,0.635,1.0
2025-12-11T07:18:44.714940,0.375,0.625,1.0
2025-12-11T07:18:45.331134,0.365,0.635,1.0
2025-12-11T07:18:45.947302,0.37,0.63,1.0
2025-12-11T07:18:46.570792,0.365,0.635,1.0
2025-12-11T07:18:47.195230,0.365,0.64,1.005
2025-12-11T07:18:47.814542,0.355,0.645,1.0
2025-12-11T07:18:48.436794,0.365,0.635,1.0
2025-12-11T07:18:49.064780,0.365,0.64,1.005
2025-12-11T07:18:49.682890,0.365,0.635,1.0
2025-12-11T07:18:50.293785,0.37,0.625,0.995
2025-12-11T07:18:50.907946,0.375,0.625,1.0
2025-12-11T07:18:51.532067,0.375,0.625,1.0
2025-12-11T07:18:52.153246,0.375,0.625,1.0
2025-12-11T07:18:52.768062,0.365,0.635,1.0
2025-12-11T07:18:53.384237,0.365,0.635,1.0
2025-12-11T07:18:54.020253,0.355,0.645,1.0
2025-12-11T07:18:54.650358,0.355,0.645,1.0
2025-12-11T07:18:55.261713,0.355,0.645,1.0
2025-12-11T07:18:55.889984,0.36,0.64,1.0
2025-12-11T07:18:56.514640,0.365,0.635,1.0
2025-12-11T07:18:57.131378,0.365,0.635,1.0
2025-12-11T07:18:57.743515,0.365,0.635,1.0
2025-12-11T07:18:58.361724,0.365,0.635,1.0
2025-12-11T07:18:58.974039,0.36,0.64,1.0
2025-12-11T07:18:59.596722,0.36,0.64,1.0
2025-12-11T07:19:00.212736,0.36,0.64,1.0
2025-12-11T07:19:00.829386,0.36,0.64,1.0
2025-12-11T07:19:01.458888,0.36,0.64,1.0
2025-12-11T07:19:02.080720,0.355,0.645,1.0
2025-12-11T07:19:02.739014,0.355,0.645,1.0
2025-12-11T07:19:03.370211,0.355,0.645,1.0
2025-12-11T07:19:03.993371,0.35,0.65,1.0
2025-12-11T07:19:04.629241,0.345,0.655,1.0
2025-12-11T07:19:05.246449,0.325,0.675,1.0
2025-12-11T07:19:05.865023,0.33,0.67,1.0
2025-12-11T07:19:06.485196,0.325,0.675,1.0
2025-12-11T07:19:07.118309,0.305,0.695,1.0
2025-12-11T07:19:07.737044,0.305,0.695,1.0
2025-12-11T07:19:06.812894,0.315,0.685,1.0
2025-12-11T07:19:07.431329,0.31,0.69,1.0
2025-12-11T07:19:08.049148,0.31,0.69,1.0
2025-12-11T07:19:08.661422,0.31,0.69,1.0
2025-12-11T07:19:09.280536,0.31,0.695,1.005
2025-12-11T07:19:09.913851,0.31,0.69,1.0
2025-12-11T07:19:10.530291,0.31,0.69,1.0
2025-12-11T07:19:11.146899,0.31,0.69,1.0
2025-12-11T07:19:11.762995,0.31,0.69,1.0
2025-12-11T07:19:12.391127,0.295,0.695,0.99
2025-12-11T07:19:13.005127,0.315,0.685,1.0
2025-12-11T07:19:13.627224,0.315,0.685,1.0
2025-12-11T07:19:14.254022,0.31,0.69,1.0
2025-12-11T07:19:14.885918,0.31,0.685,0.9950000000000001
2025-12-11T07:19:15.517568,0.315,0.685,1.0
2025-12-11T07:19:16.129017,0.31,0.69,1.0
2025-12-11T07:19:16.755816,0.31,0.69,1.0
2025-12-11T07:19:17.380474,0.31,0.69,1.0
2025-12-11T07:19:17.997071,0.305,0.695,1.0
2025-12-11T07:19:18.635249,0.315,0.685,1.0
2025-12-11T07:19:19.262373,0.315,0.685,1.0
2025-12-11T07:19:19.887978,0.315,0.685,1.0
2025-12-11T07:19:20.505368,0.315,0.685,1.0
2025-12-11T07:19:21.127440,0.315,0.685,1.0
2025-12-11T07:19:21.782170,0.315,0.685,1.0
2025-12-11T07:19:22.391651,0.315,0.685,1.0
2025-12-11T07:19:23.003866,0.315,0.685,1.0
2025-12-11T07:19:23.617058,0.315,0.685,1.0
2025-12-11T07:19:24.256879,0.315,0.685,1.0
2025-12-11T07:19:24.895955,0.315,0.685,1.0
2025-12-11T07:19:25.534396,0.315,0.685,1.0
2025-12-11T07:19:26.170524,0.315,0.685,1.0
2025-12-11T07:19:26.815185,0.315,0.685,1.0
2025-12-11T07:19:27.456862,0.305,0.695,1.0
2025-12-11T07:19:28.104391,0.305,0.69,0.9949999999999999
2025-12-11T07:19:28.734691,0.315,0.685,1.0
2025-12-11T07:19:29.358927,0.315,0.685,1.0
2025-12-11T07:19:29.991302,0.305,0.695,1.0
2025-12-11T07:19:30.609839,0.305,0.695,1.0
2025-12-11T07:19:31.244795,0.31,0.69,1.0
2025-12-11T07:19:31.869188,0.31,0.69,1.0
2025-12-11T07:19:32.492830,0.31,0.69,1.0
2025-12-11T07:19:33.110984,0.31,0.69,1.0
2025-12-11T07:19:33.739029,0.31,0.69,1.0
2025-12-11T07:19:34.350047,0.31,0.705,1.015
2025-12-11T07:19:34.964028,0.305,0.695,1.0
2025-12-11T07:19:35.590579,0.305,0.695,1.0
2025-12-11T07:19:36.212510,0.305,0.695,1.0
2025-12-11T07:19:36.830499,0.3,0.7,1.0
2025-12-11T07:19:37.457430,0.3,0.7,1.0
2025-12-11T07:19:38.075298,0.3,0.7,1.0
2025-12-11T07:19:37.133990,0.3,0.7,1.0
2025-12-11T07:19:37.756153,0.3,0.7,1.0
2025-12-11T07:19:38.387423,0.3,0.705,1.005
2025-12-11T07:19:39.001719,0.295,0.705,1.0
2025-12-11T07:19:39.625210,0.295,0.715,1.01
2025-12-11T07:19:40.248198,0.285,0.71,0.9949999999999999
2025-12-11T07:19:40.884062,0.285,0.715,1.0
2025-12-11T07:19:41.501822,0.285,0.725,1.01
2025-12-11T07:19:42.124813,0.28,0.72,1.0
2025-12-11T07:19:42.738125,0.28,0.72,1.0
2025-12-11T07:19:43.357718,0.265,0.735,1.0
2025-12-11T07:19:43.969251,0.24,0.76,1.0
2025-12-11T07:19:44.590531,0.24,0.76,1.0
2025-12-11T07:19:45.218617,0.24,0.755,0.995
2025-12-11T07:19:45.834395,0.25,0.75,1.0
2025-12-11T07:19:46.442793,0.255,0.745,1.0
2025-12-11T07:19:47.057632,0.245,0.755,1.0
2025-12-11T07:19:47.673885,0.245,0.755,1.0
2025-12-11T07:19:48.290601,0.255,0.745,1.0
2025-12-11T07:19:48.911563,0.255,0.745,1.0
2025-12-11T07:19:49.533578,0.26,0.74,1.0
2025-12-11T07:19:50.153707,0.26,0.74,1.0
2025-12-11T07:19:50.773420,0.255,0.745,1.0
2025-12-11T07:19:51.389927,0.25,0.75,1.0
2025-12-11T07:19:52.012709,0.25,0.75,1.0
2025-12-11T07:19:52.631519,0.235,0.765,1.0
2025-12-11T07:19:53.261269,0.225,0.775,1.0
2025-12-11T07:19:53.878665,0.235,0.765,1.0
2025-12-11T07:19:54.503493,0.225,0.775,1.0
2025-12-11T07:19:55.123916,0.23,0.77,1.0
2025-12-11T07:19:55.747410,0.23,0.77,1.0
2025-12-11T07:19:56.359618,0.23,0.77,1.0
2025-12-11T07:19:56.973553,0.23,0.77,1.0
2025-12-11T07:19:57.583766,0.23,0.77,1.0
2025-12-11T07:19:58.189363,0.23,0.77,1.0
2025-12-11T07:19:58.840445,0.23,0.77,1.0
2025-12-11T07:19:59.468733,0.23,0.77,1.0
2025-12-11T07:20:00.139688,0.23,0.77,1.0
2025-12-11T07:20:00.768896,0.23,0.77,1.0
2025-12-11T07:20:01.398799,0.23,0.77,1.0
2025-12-11T07:20:02.033308,0.225,0.775,1.0
2025-12-11T07:20:02.679386,0.195,0.8,0.9950000000000001
2025-12-11T07:20:03.320177,0.175,0.825,1.0
2025-12-11T07:20:03.941068,0.18,0.82,1.0
2025-12-11T07:20:04.552988,0.175,0.825,1.0
2025-12-11T07:20:05.192498,0.18,0.82,1.0
2025-12-11T07:20:05.803911,0.175,0.835,1.01
2025-12-11T07:20:06.423405,0.17,0.83,1.0
2025-12-11T07:20:07.056499,0.175,0.825,1.0
2025-12-11T07:20:07.696099,0.175,0.845,1.02
2025-12-11T07:20:08.334066,0.16,0.84,1.0
2025-12-11T07:20:08.978084,0.17,0.83,1.0
2025-12-11T07:20:08.029749,0.17,0.83,1.0
2025-12-11T07:20:08.658019,0.17,0.83,1.0
2025-12-11T07:20:09.284873,0.155,0.845,1.0
2025-12-11T07:20:09.911063,0.13,0.87,1.0
2025-12-11T07:20:10.537189,0.13,0.87,1.0
2025-12-11T07:20:11.181264,0.13,0.87,1.0
2025-12-11T07:20:11.811065,0.13,0.87,1.0
2025-12-11T07:20:12.435654,0.115,0.885,1.0
2025-12-11T07:20:13.071228,0.13,0.865,0.995
2025-12-11T07:20:13.699820,0.13,0.875,1.005
2025-12-11T07:20:14.353770,0.125,0.875,1.0
2025-12-11T07:20:14.985420,0.125,0.875,1.0
2025-12-11T07:20:15.612239,0.13,0.87,1.0
2025-12-11T07:20:16.262681,0.125,0.875,1.0
2025-12-11T07:20:16.906456,0.125,0.875,1.0
2025-12-11T07:20:17.544976,0.12,0.88,1.0
2025-12-11T07:20:18.160436,0.12,0.88,1.0
2025-12-11T07:20:18.800261,0.12,0.88,1.0
2025-12-11T07:20:19.428724,0.125,0.875,1.0
2025-12-11T07:20:20.070335,0.125,0.875,1.0
2025-12-11T07:20:20.698432,0.12,0.88,1.0
2025-12-11T07:20:21.338695,0.12,0.88,1.0
2025-12-11T07:20:21.974627,0.115,0.885,1.0
2025-12-11T07:20:22.603332,0.12,0.88,1.0
2025-12-11T07:20:23.229549,0.12,0.88,1.0
2025-12-11T07:20:23.863797,0.12,0.88,1.0
2025-12-11T07:20:24.503658,0.12,0.88,1.0
2025-12-11T07:20:25.131385,0.115,0.885,1.0
2025-12-11T07:20:25.751805,0.12,0.885,1.005
2025-12-11T07:20:26.375762,0.12,0.88,1.0
2025-12-11T07:20:27.001712,0.12,0.88,1.0
2025-12-11T07:20:27.620455,0.12,0.895,1.0150000000000001
2025-12-11T07:20:28.266300,0.11,0.89,1.0
2025-12-11T07:20:28.896922,0.105,0.895,1.0
2025-12-11T07:20:29.530247,0.105,0.895,1.0
2025-12-11T07:20:30.153414,0.095,0.905,1.0
2025-12-11T07:20:30.791519,0.1,0.9,1.0
2025-12-11T07:20:31.422293,0.1,0.9,1.0
2025-12-11T07:20:32.047403,0.095,0.905,1.0
2025-12-11T07:20:32.681498,0.095,0.905,1.0
2025-12-11T07:20:33.308966,0.095,0.905,1.0
2025-12-11T07:20:33.936272,0.095,0.905,1.0
2025-12-11T07:20:34.559387,0.095,0.905,1.0
2025-12-11T07:20:35.208863,0.095,0.905,1.0
2025-12-11T07:20:35.910735,0.085,0.915,1.0
2025-12-11T07:20:36.551309,0.085,0.915,1.0
2025-12-11T07:20:37.192958,0.085,0.915,1.0
2025-12-11T07:20:37.818362,0.085,0.915,1.0
2025-12-11T07:20:38.448330,0.085,0.915,1.0
2025-12-11T07:20:39.089561,0.085,0.915,1.0
2025-12-11T07:20:39.730863,0.085,0.915,1.0
2025-12-11T07:20:38.823519,0.085,0.915,1.0
2025-12-11T07:20:39.451360,0.085,0.915,1.0
2025-12-11T07:20:40.066920,0.075,0.925,1.0
2025-12-11T07:20:40.725513,0.075,0.925,1.0
2025-12-11T07:20:41.373382,0.075,0.925,1.0
2025-12-11T07:20:42.005621,0.075,0.925,1.0
2025-12-11T07:20:42.641886,0.065,0.935,1.0
2025-12-11T07:20:43.267375,0.055,0.945,1.0
2025-12-11T07:20:43.931022,0.06,0.94,1.0
2025-12-11T07:20:44.565656,0.075,0.935,1.01
2025-12-11T07:20:45.192924,0.065,0.935,1.0
2025-12-11T07:20:45.825419,0.065,0.935,1.0
2025-12-11T07:20:46.449595,0.065,0.935,1.0
2025-12-11T07:20:47.084399,0.065,0.935,1.0
2025-12-11T07:20:47.712841,0.065,0.935,1.0
2025-12-11T07:20:48.373341,0.065,0.935,1.0
2025-12-11T07:20:49.005567,0.06,0.94,1.0
2025-12-11T07:20:49.648800,0.06,0.94,1.0
2025-12-11T07:20:50.283876,0.06,0.94,1.0
2025-12-11T07:20:50.913323,0.06,0.94,1.0
2025-12-11T07:20:51.524000,0.06,0.94,1.0
2025-12-11T07:20:52.132880,0.06,0.94,1.0
2025-12-11T07:20:52.763080,0.06,0.94,1.0
2025-12-11T07:20:53.405108,0.06,0.94,1.0
2025-12-11T07:20:54.035133,0.06,0.94,1.0
2025-12-11T07:20:54.660268,0.06,0.94,1.0
2025-12-11T07:20:55.292184,0.06,0.94,1.0
2025-12-11T07:20:55.921089,0.06,0.945,1.005
2025-12-11T07:20:56.557747,0.055,0.945,1.0
2025-12-11T07:20:57.187813,0.055,0.945,1.0
2025-12-11T07:20:57.840819,0.055,0.945,1.0
2025-12-11T07:20:58.472301,0.055,0.945,1.0
2025-12-11T07:20:59.100144,0.055,0.945,1.0
2025-12-11T07:20:59.725203,0.055,0.945,1.0
2025-12-11T07:21:00.386509,0.055,0.945,1.0
2025-12-11T07:21:01.012964,0.055,0.945,1.0
2025-12-11T07:21:01.631293,0.06,0.94,1.0
2025-12-11T07:21:02.266269,0.065,0.935,1.0
2025-12-11T07:21:02.898615,0.065,0.935,1.0
2025-12-11T07:21:03.532810,0.065,0.935,1.0
2025-12-11T07:21:04.150377,0.065,0.935,1.0
2025-12-11T07:21:04.776739,0.055,0.945,1.0
2025-12-11T07:21:05.406723,0.055,0.945,1.0
2025-12-11T07:21:06.033585,0.055,0.945,1.0
2025-12-11T07:21:06.679204,0.055,0.945,1.0
2025-12-11T07:21:07.305581,0.055,0.945,1.0
2025-12-11T07:21:07.945227,0.06,0.945,1.005
2025-12-11T07:21:08.615366,0.055,0.94,0.995
2025-12-11T07:21:09.254673,0.06,0.94,1.0
2025-12-11T07:21:09.881325,0.06,0.94,1.0
2025-12-11T07:21:10.516252,0.06,0.94,1.0
2025-12-11T07:21:09.595714,0.055,0.945,1.0
2025-12-11T07:21:10.241016,0.055,0.945,1.0
2025-12-11T07:21:10.872581,0.055,0.945,1.0
2025-12-11T07:21:11.524148,0.055,0.945,1.0
2025-12-11T07:21:12.167437,0.055,0.945,1.0
2025-12-11T07:21:12.814975,0.055,0.945,1.0
2025-12-11T07:21:13.445855,0.055,0.945,1.0
2025-12-11T07:21:14.084338,0.055,0.945,1.0
2025-12-11T07:21:14.705087,0.055,0.945,1.0
2025-12-11T07:21:15.332418,0.055,0.945,1.0
2025-12-11T07:21:15.957154,0.055,0.945,1.0
2025-12-11T07:21:16.604437,0.055,0.945,1.0
2025-12-11T07:21:17.243500,0.055,0.945,1.0
2025-12-11T07:21:17.876765,0.06,0.94,1.0
2025-12-11T07:21:18.489805,0.055,0.94,0.995
2025-12-11T07:21:19.112741,0.055,0.945,1.0
2025-12-11T07:21:19.750830,0.055,0.945,1.0
2025-12-11T07:21:20.377184,0.055,0.945,1.0
2025-12-11T07:21:21.014238,0.055,0.945,1.0
2025-12-11T07:21:21.651454,0.055,0.945,1.0
2025-12-11T07:21:22.282791,0.055,0.945,1.0
2025-12-11T07:21:22.939236,0.055,0.945,1.0
2025-12-11T07:21:23.605061,0.055,0.945,1.0
2025-12-11T07:21:24.249644,0.055,0.945,1.0
2025-12-11T07:21:24.886176,0.045,0.955,1.0
2025-12-11T07:21:25.517240,0.05,0.95,1.0
2025-12-11T07:21:26.147440,0.045,0.955,1.0
2025-12-11T07:21:26.785685,0.045,0.955,1.0
2025-12-11T07:21:27.433661,0.045,0.955,1.0
2025-12-11T07:21:28.070199,0.045,0.955,1.0
2025-12-11T07:21:28.701549,0.045,0.955,1.0
2025-12-11T07:21:29.343484,0.045,0.955,1.0
2025-12-11T07:21:29.969587,0.055,0.95,1.005
2025-12-11T07:21:30.588413,0.045,0.955,1.0
2025-12-11T07:21:31.226715,0.05,0.95,1.0
2025-12-11T07:21:31.858579,0.055,0.945,1.0
2025-12-11T07:21:32.482229,0.055,0.945,1.0
2025-12-11T07:21:33.117910,0.055,0.945,1.0
2025-12-11T07:21:33.752577,0.055,0.945,1.0
2025-12-11T07:21:34.405710,0.05,0.95,1.0
2025-12-11T07:21:35.041274,0.055,0.945,1.0
2025-12-11T07:21:35.674983,0.055,0.945,1.0
2025-12-11T07:21:36.301088,0.055,0.945,1.0
2025-12-11T07:21:36.916137,0.045,0.955,1.0
2025-12-11T07:21:37.547907,0.045,0.955,1.0
2025-12-11T07:21:38.173826,0.045,0.955,1.0
2025-12-11T07:21:38.803381,0.045,0.955,1.0
2025-12-11T07:21:39.438106,0.045,0.955,1.0
2025-12-11T07:21:40.068421,0.045,0.955,1.0
2025-12-11T07:21:40.697585,0.045,0.955,1.0
2025-12-11T07:21:41.336143,0.045,0.955,1.0
2025-12-11T07:21:40.405185,0.045,0.955,1.0
2025-12-11T07:21:41.025998,0.045,0.955,1.0
2025-12-11T07:21:41.664271,0.045,0.955,1.0
2025-12-11T07:21:42.317465,0.045,0.955,1.0
2025-12-11T07:21:42.949831,0.045,0.955,1.0
2025-12-11T07:21:43.580639,0.045,0.955,1.0
2025-12-11T07:21:44.247408,0.045,0.955,1.0
2025-12-11T07:21:44.873774,0.045,0.955,1.0
2025-12-11T07:21:45.513126,0.04,0.965,1.005
2025-12-11T07:21:46.149535,0.045,0.955,1.0
2025-12-11T07:21:46.789210,0.045,0.955,1.0
2025-12-11T07:21:47.420713,0.045,0.955,1.0
2025-12-11T07:21:48.043226,0.045,0.955,1.0
2025-12-11T07:21:48.659401,0.035,0.965,1.0
2025-12-11T07:21:49.290192,0.04,0.96,1.0
2025-12-11T07:21:49.917585,0.035,0.965,1.0
2025-12-11T07:21:50.555819,0.035,0.965,1.0
2025-12-11T07:21:51.200898,0.035,0.965,1.0
2025-12-11T07:21:51.836542,0.035,0.965,1.0
2025-12-11T07:21:52.466282,0.035,0.965,1.0
2025-12-11T07:21:53.119916,0.035,0.965,1.0
2025-12-11T07:21:53.750349,0.035,0.965,1.0
2025-12-11T07:21:54.379130,0.035,0.965,1.0
2025-12-11T07:21:55.017396,0.035,0.965,1.0
2025-12-11T07:21:55.641672,0.035,0.965,1.0
2025-12-11T07:21:56.284739,0.035,0.965,1.0
2025-12-11T07:21:56.912743,0.035,0.965,1.0
2025-12-11T07:21:57.541547,0.035,0.965,1.0
2025-12-11T07:21:58.173057,0.035,0.965,1.0
2025-12-11T07:21:58.801207,0.035,0.965,1.0
2025-12-11T07:21:59.474719,0.035,0.965,1.0
2025-12-11T07:22:00.122498,0.035,0.965,1.0
2025-12-11T07:22:00.759908,0.025,0.975,1.0
2025-12-11T07:22:01.429959,0.025,0.975,1.0
2025-12-11T07:22:02.066059,0.025,0.975,1.0
2025-12-11T07:22:02.716098,0.025,0.975,1.0
2025-12-11T07:22:03.353716,0.025,0.975,1.0
2025-12-11T07:22:03.998490,0.025,0.975,1.0
2025-12-11T07:22:04.647786,0.025,0.975,1.0
2025-12-11T07:22:05.276677,0.025,0.975,1.0
2025-12-11T07:22:05.906919,0.025,0.975,1.0
2025-12-11T07:22:06.544219,0.025,0.975,1.0
2025-12-11T07:22:07.173271,0.025,0.975,1.0
2025-12-11T07:22:07.811948,0.025,0.975,1.0
2025-12-11T07:22:08.441664,0.025,0.975,1.0
2025-12-11T07:22:09.059502,0.025,0.975,1.0
2025-12-11T07:22:09.716109,0.025,0.975,1.0
2025-12-11T07:22:10.349926,0.025,0.975,1.0
2025-12-11T07:22:10.984932,0.025,0.975,1.0
2025-12-11T07:22:11.625295,0.025,0.975,1.0
2025-12-11T07:22:10.666102,0.025,0.975,1.0
2025-12-11T07:22:11.293249,0.025,0.975,1.0
2025-12-11T07:22:11.922617,0.025,0.975,1.0
2025-12-11T07:22:12.557980,0.025,0.975,1.0
2025-12-11T07:22:13.190452,0.025,0.975,1.0
2025-12-11T07:22:13.818591,0.025,0.975,1.0
2025-12-11T07:22:14.445474,0.025,0.975,1.0
2025-12-11T07:22:15.074864,0.025,0.975,1.0
2025-12-11T07:22:15.710801,0.025,0.975,1.0
2025-12-11T07:22:16.343975,0.025,0.975,1.0
2025-12-11T07:22:16.977778,0.025,0.975,1.0
2025-12-11T07:22:17.608617,0.025,0.975,1.0
2025-12-11T07:22:18.246445,0.025,0.975,1.0
2025-12-11T07:22:18.915362,0.025,0.975,1.0
2025-12-11T07:22:19.534726,0.025,0.975,1.0
2025-12-11T07:22:20.158803,0.025,0.975,1.0
2025-12-11T07:22:20.787576,0.025,0.975,1.0
2025-12-11T07:22:21.411216,0.02,0.98,1.0
2025-12-11T07:22:22.034713,0.02,0.98,1.0
2025-12-11T07:22:22.663878,0.02,0.98,1.0
2025-12-11T07:22:23.297236,0.02,0.98,1.0
2025-12-11T07:22:23.920744,0.02,0.98,1.0
2025-12-11T07:22:24.562501,0.015,0.985,1.0
2025-12-11T07:22:25.198088,0.025,0.975,1.0
2025-12-11T07:22:25.841503,0.025,0.975,1.0
2025-12-11T07:22:26.469791,0.025,0.975,1.0
2025-12-11T07:22:27.092496,0.025,0.975,1.0
2025-12-11T07:22:27.714205,0.025,0.975,1.0
2025-12-11T07:22:28.343048,0.025,0.975,1.0
2025-12-11T07:22:28.985874,0.025,0.975,1.0
2025-12-11T07:22:29.615438,0.025,0.975,1.0
2025-12-11T07:22:30.247833,0.025,0.975,1.0
2025-12-11T07:22:30.874017,0.025,0.975,1.0
2025-12-11T07:22:31.495338,0.025,0.975,1.0
2025-12-11T07:22:32.130396,0.025,0.975,1.0
2025-12-11T07:22:32.777257,0.025,0.975,1.0
2025-12-11T07:22:33.411919,0.025,0.975,1.0
2025-12-11T07:22:34.044551,0.025,0.975,1.0
2025-12-11T07:22:34.668486,0.025,0.975,1.0
2025-12-11T07:22:35.295071,0.025,0.975,1.0
2025-12-11T07:22:35.924915,0.025,0.975,1.0
2025-12-11T07:22:36.561706,0.025,0.975,1.0
2025-12-11T07:22:37.195874,0.025,0.975,1.0
2025-12-11T07:22:37.833322,0.025,0.975,1.0
2025-12-11T07:22:38.460040,0.025,0.975,1.0
2025-12-11T07:22:39.104886,0.025,0.975,1.0
2025-12-11T07:22:39.733591,0.025,0.975,1.0
2025-12-11T07:22:40.359574,0.025,0.975,1.0
2025-12-11T07:22:40.988004,0.025,0.975,1.0
2025-12-11T07:22:41.628784,0.025,0.975,1.0
2025-12-11T07:22:42.250824,0.025,0.975,1.0
2025-12-11T07:22:41.332756,0.025,0.975,1.0
2025-12-11T07:22:41.948900,0.025,0.975,1.0
2025-12-11T07:22:42.587481,0.025,0.975,1.0
2025-12-11T07:22:43.220926,0.025,0.975,1.0
2025-12-11T07:22:43.856298,0.025,0.975,1.0
2025-12-11T07:22:44.498170,0.025,0.975,1.0
2025-12-11T07:22:45.137725,0.025,0.975,1.0
2025-12-11T07:22:45.764966,0.025,0.975,1.0
2025-12-11T07:22:46.395932,0.025,0.975,1.0
2025-12-11T07:22:47.030817,0.025,0.975,1.0
2025-12-11T07:22:47.665897,0.025,0.975,1.0
2025-12-11T07:22:48.289256,0.025,0.975,1.0
2025-12-11T07:22:48.909046,0.025,0.975,1.0
2025-12-11T07:22:49.555516,0.025,0.975,1.0
2025-12-11T07:22:50.185515,0.025,0.975,1.0
2025-12-11T07:22:50.820583,0.025,0.98,1.005
2025-12-11T07:22:51.434882,0.025,0.975,1.0
2025-12-11T07:22:52.056413,0.025,0.975,1.0
2025-12-11T07:22:52.690764,0.025,0.975,1.0
2025-12-11T07:22:53.315951,0.025,0.975,1.0
2025-12-11T07:22:53.932123,0.025,0.975,1.0
2025-12-11T07:22:54.583305,0.025,0.975,1.0
2025-12-11T07:22:55.224889,0.025,0.975,1.0
2025-12-11T07:22:55.849711,0.03,0.97,1.0
2025-12-11T07:22:56.501222,0.025,0.975,1.0
2025-12-11T07:22:57.129380,0.025,0.975,1.0
2025-12-11T07:22:57.751444,0.025,0.975,1.0
2025-12-11T07:22:58.380972,0.025,0.975,1.0
2025-12-11T07:22:59.005918,0.025,0.975,1.0
2025-12-11T07:22:59.637701,0.025,0.975,1.0
2025-12-11T07:23:00.259646,0.025,0.975,1.0
2025-12-11T07:23:00.886951,0.025,0.975,1.0
2025-12-11T07:23:01.533191,0.025,0.975,1.0
2025-12-11T07:23:02.164044,0.025,0.975,1.0
2025-12-11T07:23:02.791056,0.015,0.985,1.0
2025-12-11T07:23:03.415664,0.02,0.98,1.0
2025-12-11T07:23:04.050491,0.025,0.975,1.0
2025-12-11T07:23:04.682068,0.025,0.975,1.0
2025-12-11T07:23:05.309104,0.025,0.975,1.0
2025-12-11T07:23:05.922746,0.025,0.975,1.0
2025-12-11T07:23:06.547984,0.025,0.975,1.0
2025-12-11T07:23:07.166185,0.025,0.975,1.0
2025-12-11T07:23:07.803607,0.025,0.975,1.0
2025-12-11T07:23:08.427919,0.025,0.975,1.0
2025-12-11T07:23:09.054605,0.015,0.985,1.0
2025-12-11T07:23:09.688028,0.015,0.985,1.0
2025-12-11T07:23:10.323129,0.015,0.985,1.0
2025-12-11T07:23:10.959162,0.015,0.985,1.0
2025-12-11T07:23:11.591655,0.015,0.985,1.0
2025-12-11T07:23:12.217388,0.015,0.985,1.0
2025-12-11T07:23:12.849780,0.02,0.98,1.0
2025-12-11T07:23:13.481295,0.025,0.975,1.0
2025-12-11T07:23:12.547684,0.025,0.975,1.0
2025-12-11T07:23:13.176039,0.015,0.985,1.0
2025-12-11T07:23:13.809662,0.015,0.985,1.0
2025-12-11T07:23:14.594957,0.015,0.985,1.0
2025-12-11T07:23:15.224194,0.015,0.985,1.0
2025-12-11T07:23:15.851118,0.015,0.985,1.0
2025-12-11T07:23:16.486609,0.015,0.985,1.0
2025-12-11T07:23:17.130861,0.015,0.985,1.0
2025-12-11T07:23:17.755338,0.015,0.985,1.0
2025-12-11T07:23:18.386321,0.015,0.985,1.0
2025-12-11T07:23:19.001882,0.03,0.97,1.0
2025-12-11T07:23:19.626169,0.03,0.97,1.0
2025-12-11T07:23:20.235933,0.035,0.965,1.0
2025-12-11T07:23:20.865382,0.03,0.97,1.0
2025-12-11T07:23:21.498960,0.025,0.975,1.0
2025-12-11T07:23:22.119488,0.025,0.975,1.0
2025-12-11T07:23:22.747617,0.025,0.975,1.0
2025-12-11T07:23:23.369162,0.025,0.975,1.0
2025-12-11T07:23:24.018085,0.025,0.97,0.995
2025-12-11T07:23:24.662818,0.025,0.975,1.0
2025-12-11T07:23:25.303136,0.02,0.98,1.0
2025-12-11T07:23:25.931137,0.02,0.98,1.0
2025-12-11T07:23:26.566994,0.02,0.98,1.0
2025-12-11T07:23:27.273304,0.015,0.975,0.99
2025-12-11T07:23:27.899445,0.025,0.975,1.0
2025-12-11T07:23:28.527039,0.02,0.98,1.0
2025-12-11T07:23:29.151514,0.015,0.985,1.0
2025-12-11T07:23:29.783215,0.015,0.985,1.0
2025-12-11T07:23:30.424988,0.02,0.98,1.0
2025-12-11T07:23:31.035752,0.02,0.98,1.0
2025-12-11T07:23:31.664549,0.02,0.98,1.0
2025-12-11T07:23:32.279111,0.02,0.98,1.0
2025-12-11T07:23:32.925305,0.02,0.98,1.0
2025-12-11T07:23:33.564056,0.02,0.98,1.0
2025-12-11T07:23:34.197504,0.02,0.98,1.0
2025-12-11T07:23:34.846337,0.02,0.98,1.0
2025-12-11T07:23:35.476297,0.02,0.98,1.0
2025-12-11T07:23:36.105426,0.02,0.98,1.0
2025-12-11T07:23:36.731484,0.025,0.975,1.0
2025-12-11T07:23:37.377202,0.025,0.975,1.0
2025-12-11T07:23:38.010780,0.025,0.975,1.0
2025-12-11T07:23:38.644769,0.02,0.98,1.0
2025-12-11T07:23:39.285232,0.02,0.98,1.0
2025-12-11T07:23:39.913133,0.025,0.975,1.0
2025-12-11T07:23:40.554978,0.025,0.975,1.0
2025-12-11T07:23:41.181671,0.025,0.975,1.0
2025-12-11T07:23:41.810773,0.025,0.975,1.0
2025-12-11T07:23:42.446606,0.025,0.975,1.0
2025-12-11T07:23:43.087067,0.025,0.975,1.0
2025-12-11T07:23:43.733510,0.03,0.97,1.0
2025-12-11T07:23:42.796869,0.035,0.965,1.0
2025-12-11T07:23:43.426423,0.035,0.97,1.005
2025-12-11T07:23:44.064405,0.03,0.97,1.0
2025-12-11T07:23:44.688938,0.03,0.97,1.0
2025-12-11T07:23:45.316119,0.025,0.975,1.0
2025-12-11T07:23:45.946706,0.025,0.975,1.0
2025-12-11T07:23:46.584568,0.025,0.975,1.0
2025-12-11T07:23:47.253863,0.025,0.975,1.0
2025-12-11T07:23:47.878854,0.025,0.975,1.0
2025-12-11T07:23:48.517213,0.035,0.965,1.0
2025-12-11T07:23:49.135929,0.025,0.975,1.0
2025-12-11T07:23:49.761738,0.025,0.975,1.0
2025-12-11T07:23:50.385591,0.025,0.975,1.0
2025-12-11T07:23:51.021000,0.025,0.975,1.0
2025-12-11T07:23:51.643502,0.025,0.975,1.0
2025-12-11T07:23:52.266443,0.025,0.975,1.0
2025-12-11T07:23:52.893832,0.025,0.975,1.0
2025-12-11T07:23:53.520707,0.025,0.975,1.0
2025-12-11T07:23:54.148328,0.025,0.975,1.0
2025-12-11T07:23:54.768336,0.025,0.975,1.0
2025-12-11T07:23:55.396210,0.025,0.975,1.0
2025-12-11T07:23:56.038157,0.025,0.975,1.0
2025-12-11T07:23:56.670227,0.025,0.975,1.0
2025-12-11T07:23:57.287730,0.025,0.975,1.0
2025-12-11T07:23:57.916427,0.025,0.975,1.0
2025-12-11T07:23:58.551905,0.025,0.975,1.0
2025-12-11T07:23:59.199881,0.025,0.975,1.0
2025-12-11T07:23:59.830462,0.025,0.975,1.0
2025-12-11T07:24:00.473726,0.02,0.98,1.0
2025-12-11T07:24:01.100459,0.02,0.98,1.0
2025-12-11T07:24:01.726912,0.02,0.98,1.0
2025-12-11T07:24:02.355351,0.02,0.98,1.0
2025-12-11T07:24:02.983779,0.02,0.98,1.0
2025-12-11T07:24:03.625233,0.015,0.985,1.0
2025-12-11T07:24:04.245855,0.015,0.985,1.0
2025-12-11T07:24:04.879684,0.02,0.98,1.0
2025-12-11T07:24:05.511375,0.02,0.98,1.0
2025-12-11T07:24:06.143815,0.02,0.98,1.0
2025-12-11T07:24:06.761520,0.02,0.98,1.0
2025-12-11T07:24:07.396829,0.02,0.98,1.0
2025-12-11T07:24:08.063678,0.015,0.985,1.0
2025-12-11T07:24:08.707618,0.015,0.985,1.0
2025-12-11T07:24:09.343263,0.015,0.985,1.0
2025-12-11T07:24:09.973998,0.015,0.985,1.0
2025-12-11T07:24:10.611956,0.015,0.985,1.0
2025-12-11T07:24:11.239865,0.015,0.985,1.0
2025-12-11T07:24:11.860231,0.015,0.985,1.0
2025-12-11T07:24:12.492558,0.015,0.985,1.0
2025-12-11T07:24:13.115673,0.015,0.985,1.0
2025-12-11T07:24:13.744336,0.015,0.985,1.0
2025-12-11T07:24:14.380873,0.015,0.985,1.0
2025-12-11T07:24:13.443914,0.015,0.985,1.0
2025-12-11T07:24:14.075932,0.015,0.985,1.0
2025-12-11T07:24:14.757715,0.015,0.985,1.0
2025-12-11T07:24:15.402896,0.015,0.985,1.0
2025-12-11T07:24:16.033226,0.015,0.985,1.0
2025-12-11T07:24:16.656103,0.015,0.985,1.0
2025-12-11T07:24:17.289044,0.015,0.985,1.0
2025-12-11T07:24:17.920552,0.015,0.985,1.0
2025-12-11T07:24:18.553682,0.015,0.985,1.0
2025-12-11T07:24:19.182572,0.015,0.985,1.0
2025-12-11T07:24:19.819740,0.015,0.985,1.0
2025-12-11T07:24:20.454647,0.015,0.985,1.0
2025-12-11T07:24:21.086020,0.015,0.985,1.0
2025-12-11T07:24:21.710621,0.015,0.985,1.0
2025-12-11T07:24:22.333033,0.015,0.985,1.0
2025-12-11T07:24:22.959862,0.015,0.985,1.0
2025-12-11T07:24:23.586514,0.015,0.985,1.0
2025-12-11T07:24:24.216092,0.015,0.985,1.0
2025-12-11T07:24:24.832083,0.015,0.985,1.0
2025-12-11T07:24:25.446252,0.015,0.985,1.0
2025-12-11T07:24:26.065625,0.015,0.985,1.0
2025-12-11T07:24:26.682067,0.015,0.985,1.0
2025-12-11T07:24:27.300930,0.015,0.985,1.0
2025-12-11T07:24:27.919949,0.015,0.985,1.0
2025-12-11T07:24:28.528410,0.015,0.985,1.0
2025-12-11T07:24:29.145866,0.015,0.985,1.0
2025-12-11T07:24:29.770666,0.015,0.985,1.0
2025-12-11T07:24:30.392084,0.015,0.985,1.0
2025-12-11T07:24:31.009869,0.015,0.985,1.0
2025-12-11T07:24:31.618696,0.015,0.985,1.0
2025-12-11T07:24:32.237382,0.015,0.985,1.0
2025-12-11T07:24:32.851852,0.015,0.985,1.0
2025-12-11T07:24:33.478558,0.015,0.985,1.0
2025-12-11T07:24:34.092736,0.015,0.985,1.0
2025-12-11T07:24:34.706341,0.015,0.985,1.0
2025-12-11T07:24:35.328574,0.015,0.985,1.0
2025-12-11T07:24:35.958448,0.015,0.985,1.0
2025-12-11T07:24:36.581016,0.015,0.985,1.0
2025-12-11T07:24:37.197717,0.015,0.985,1.0
2025-12-11T07:24:37.807011,0.015,0.985,1.0
2025-12-11T07:24:38.437473,0.015,0.985,1.0
2025-12-11T07:24:39.046425,0.015,0.985,1.0
2025-12-11T07:24:39.670558,0.015,0.985,1.0
2025-12-11T07:24:40.304193,0.015,0.985,1.0
2025-12-11T07:24:40.919698,0.015,0.985,1.0
2025-12-11T07:24:41.541288,0.015,0.985,1.0
2025-12-11T07:24:42.155230,0.015,0.985,1.0
2025-12-11T07:24:42.786366,0.015,0.985,1.0
2025-12-11T07:24:43.417309,0.015,0.985,1.0
2025-12-11T07:24:44.024976,0.015,0.985,1.0
2025-12-11T07:24:44.645018,0.015,0.985,1.0
2025-12-11T07:24:45.265132,0.015,0.985,1.0
2025-12-11T07:24:44.340961,0.015,0.985,1.0
2025-12-11T07:24:44.962453,0.015,0.985,1.0
2025-12-11T07:24:45.586391,0.015,0.985,1.0
2025-12-11T07:24:46.199365,0.015,0.985,1.0
2025-12-11T07:24:46.813554,0.015,0.985,1.0
2025-12-11T07:24:47.434910,0.015,0.985,1.0
2025-12-11T07:24:48.054700,0.015,0.985,1.0
2025-12-11T07:24:48.680765,0.015,0.985,1.0
2025-12-11T07:24:49.305405,0.015,0.985,1.0
2025-12-11T07:24:49.932741,0.015,0.985,1.0
2025-12-11T07:24:50.574538,0.015,0.985,1.0
2025-12-11T07:24:51.194452,0.015,0.985,1.0
2025-12-11T07:24:51.818119,0.015,0.985,1.0
2025-12-11T07:24:52.432149,0.015,0.985,1.0
2025-12-11T07:24:53.051354,0.015,0.985,1.0
2025-12-11T07:24:53.683137,0.015,0.985,1.0
2025-12-11T07:24:54.295084,0.015,0.985,1.0
2025-12-11T07:24:54.905565,0.015,0.985,1.0
2025-12-11T07:24:55.522471,0.015,0.985,1.0
2025-12-11T07:24:56.148242,0.015,0.985,1.0
2025-12-11T07:24:56.778843,0.015,0.985,1.0
2025-12-11T07:24:57.407121,0.015,0.985,1.0
2025-12-11T07:24:58.036476,0.015,0.985,1.0
2025-12-11T07:24:58.664610,0.015,0.985,1.0
2025-12-11T07:24:59.282749,0.015,0.985,1.0
2025-12-11T07:24:59.896025,0.015,0.985,1.0
2025-12-11T07:25:00.516946,0.015,0.985,1.0
2025-12-11T07:25:01.126508,0.015,0.985,1.0
2025-12-11T07:25:01.743297,0.015,0.985,1.0
2025-12-11T07:25:02.379317,0.015,0.985,1.0
2025-12-11T07:25:02.994898,0.015,0.985,1.0
2025-12-11T07:25:03.605959,0.015,0.985,1.0
2025-12-11T07:25:04.221359,0.015,0.985,1.0
2025-12-11T07:25:04.853685,0.015,0.985,1.0
2025-12-11T07:25:05.463508,0.015,0.985,1.0
2025-12-11T07:25:06.078502,0.015,0.985,1.0
2025-12-11T07:25:06.699505,0.015,0.985,1.0
2025-12-11T07:25:07.318889,0.015,0.985,1.0
2025-12-11T07:25:07.936045,0.015,0.985,1.0
2025-12-11T07:25:08.549078,0.015,0.985,1.0
2025-12-11T07:25:09.159592,0.015,0.985,1.0
2025-12-11T07:25:09.767850,0.015,0.985,1.0
2025-12-11T07:25:10.390025,0.015,0.985,1.0
2025-12-11T07:25:11.002017,0.015,0.985,1.0
2025-12-11T07:25:11.629456,0.015,0.985,1.0
2025-12-11T07:25:12.264768,0.015,0.985,1.0
2025-12-11T07:25:12.899324,0.015,0.985,1.0
2025-12-11T07:25:13.531301,0.015,0.985,1.0
2025-12-11T07:25:14.150722,0.015,0.985,1.0
2025-12-11T07:25:14.760518,0.015,0.985,1.0
2025-12-11T07:25:15.389366,0.015,0.985,1.0
2025-12-11T07:25:16.004393,0.015,0.985,1.0
2025-12-11T07:25:15.072977,0.015,0.985,1.0
2025-12-11T07:25:15.702638,0.015,0.985,1.0
2025-12-11T07:25:16.311968,0.015,0.985,1.0
2025-12-11T07:25:16.938762,0.015,0.985,1.0
2025-12-11T07:25:17.558306,0.005,0.995,1.0
2025-12-11T07:25:18.171222,0.005,0.995,1.0
2025-12-11T07:25:18.782763,0.005,0.995,1.0
2025-12-11T07:25:19.403329,0.005,0.995,1.0
2025-12-11T07:25:20.012998,0.005,0.995,1.0
2025-12-11T07:25:20.638434,0.005,0.995,1.0
2025-12-11T07:25:21.250326,0.005,0.995,1.0
2025-12-11T07:25:21.856420,0.005,0.995,1.0
2025-12-11T07:25:22.484164,0.005,0.995,1.0
2025-12-11T07:25:23.095574,0.005,0.995,1.0
2025-12-11T07:25:23.702159,0.005,0.995,1.0
2025-12-11T07:25:24.316329,0.005,0.995,1.0
2025-12-11T07:25:24.953711,0.005,0.995,1.0
2025-12-11T07:25:25.578778,0.005,0.995,1.0
2025-12-11T07:25:26.186382,0.005,0.995,1.0
2025-12-11T07:25:26.801665,0.005,0.995,1.0
2025-12-11T07:25:27.417648,0.005,0.995,1.0
2025-12-11T07:25:28.095238,0.005,0.995,1.0
2025-12-11T07:25:28.715806,0.005,0.995,1.0
2025-12-11T07:25:29.334048,0.005,0.995,1.0
2025-12-11T07:25:29.948805,0.005,0.995,1.0
2025-12-11T07:25:30.577090,0.005,0.995,1.0
2025-12-11T07:25:31.193228,0.005,0.995,1.0
2025-12-11T07:25:31.819564,0.005,0.995,1.0
2025-12-11T07:25:32.437748,0.005,0.995,1.0
2025-12-11T07:25:33.057640,0.005,0.995,1.0
2025-12-11T07:25:33.667194,0.005,0.995,1.0
2025-12-11T07:25:34.290482,0.005,0.995,1.0
2025-12-11T07:25:34.913415,0.005,0.995,1.0
2025-12-11T07:25:35.538516,0.005,0.995,1.0
2025-12-11T07:25:36.147299,0.005,0.995,1.0
2025-12-11T07:25:36.754635,0.005,0.995,1.0
2025-12-11T07:25:37.390012,0.005,0.995,1.0
2025-12-11T07:25:38.005578,0.005,0.995,1.0
2025-12-11T07:25:38.628322,0.005,0.995,1.0
2025-12-11T07:25:39.245020,0.005,0.995,1.0
2025-12-11T07:25:39.879720,0.005,0.995,1.0
2025-12-11T07:25:40.496669,0.005,0.995,1.0
2025-12-11T07:25:41.113927,0.005,0.995,1.0
2025-12-11T07:25:41.737001,0.005,0.995,1.0
2025-12-11T07:25:42.358589,0.005,0.995,1.0
2025-12-11T07:25:42.994768,0.005,0.995,1.0
2025-12-11T07:25:43.626454,0.005,0.995,1.0
2025-12-11T07:25:44.245703,0.005,0.995,1.0
2025-12-11T07:25:44.884511,0.005,0.995,1.0
2025-12-11T07:25:45.496952,0.005,0.995,1.0
2025-12-11T07:25:46.122893,0.005,0.995,1.0
2025-12-11T07:25:46.748995,0.005,0.995,1.0
2025-12-11T07:25:45.810998,0.005,0.995,1.0
2025-12-11T07:25:46.443818,0.005,0.995,1.0
2025-12-11T07:25:47.061133,0.005,0.995,1.0
2025-12-11T07:25:47.688653,0.005,0.995,1.0
2025-12-11T07:25:48.297768,0.005,0.995,1.0
2025-12-11T07:25:48.924628,0.005,0.995,1.0
2025-12-11T07:25:49.535491,0.005,0.995,1.0
2025-12-11T07:25:50.141222,0.005,0.995,1.0
2025-12-11T07:25:50.757210,0.005,0.995,1.0
2025-12-11T07:25:51.372736,0.005,0.995,1.0
2025-12-11T07:25:51.987141,0.005,0.995,1.0
2025-12-11T07:25:52.605806,0.005,0.995,1.0
2025-12-11T07:25:53.218102,0.005,0.995,1.0
2025-12-11T07:25:53.829579,0.005,0.995,1.0
2025-12-11T07:25:54.440811,0.005,0.995,1.0
2025-12-11T07:25:55.068428,0.005,0.995,1.0
2025-12-11T07:25:55.690442,0.005,0.995,1.0
2025-12-11T07:25:56.296800,0.005,0.995,1.0
2025-12-11T07:25:56.914946,0.005,0.995,1.0
2025-12-11T07:25:57.531175,0.005,0.995,1.0
2025-12-11T07:25:58.176677,0.005,0.995,1.0
2025-12-11T07:25:58.793508,0.005,0.995,1.0
2025-12-11T07:25:59.401468,0.005,0.995,1.0
2025-12-11T07:26:00.026031,0.005,0.995,1.0
2025-12-11T07:26:00.639362,0.005,0.995,1.0
2025-12-11T07:26:01.259711,0.005,0.995,1.0
2025-12-11T07:26:01.879892,0.005,0.995,1.0
2025-12-11T07:26:02.505732,0.005,0.995,1.0
2025-12-11T07:26:03.136117,0.005,0.995,1.0
2025-12-11T07:26:03.745793,0.005,0.995,1.0
2025-12-11T07:26:04.357944,0.005,0.995,1.0
2025-12-11T07:26:04.973687,0.005,0.995,1.0
2025-12-11T07:26:05.587701,0.005,0.995,1.0
2025-12-11T07:26:06.220816,0.005,0.995,1.0
2025-12-11T07:26:06.841818,0.005,0.995,1.0
2025-12-11T07:26:07.454316,0.005,0.995,1.0
2025-12-11T07:26:08.073155,0.005,0.995,1.0
2025-12-11T07:26:08.699974,0.005,0.995,1.0
2025-12-11T07:26:09.316263,0.005,0.995,1.0
2025-12-11T07:26:09.932451,0.005,0.995,1.0
2025-12-11T07:26:10.553427,0.005,0.995,1.0
2025-12-11T07:26:11.179371,0.005,0.995,1.0
2025-12-11T07:26:11.821796,0.005,0.995,1.0
2025-12-11T07:26:12.452548,0.005,0.995,1.0
2025-12-11T07:26:13.084679,0.005,0.995,1.0
2025-12-11T07:26:13.723897,0.005,0.995,1.0
2025-12-11T07:26:14.351300,0.005,0.995,1.0
2025-12-11T07:26:14.980477,0.005,0.995,1.0
2025-12-11T07:26:15.611200,0.005,0.995,1.0
2025-12-11T07:26:16.237200,0.005,0.995,1.0
2025-12-11T07:26:16.872878,0.005,0.995,1.0
2025-12-11T07:26:17.498867,0.005,0.995,1.0
2025-12-11T07:26:16.574265,0.005,0.995,1.0
2025-12-11T07:26:17.201185,0.005,0.995,1.0
2025-12-11T07:26:17.834229,0.005,0.995,1.0
2025-12-11T07:26:18.477254,0.005,0.995,1.0
2025-12-11T07:26:19.124299,0.005,0.995,1.0
2025-12-11T07:26:19.772889,0.005,0.995,1.0
2025-12-11T07:26:20.403083,0.005,0.995,1.0
2025-12-11T07:26:21.035975,0.005,0.995,1.0
2025-12-11T07:26:21.659712,0.005,0.995,1.0
2025-12-11T07:26:22.285417,0.005,0.995,1.0
2025-12-11T07:26:22.891255,0.005,0.995,1.0
2025-12-11T07:26:23.552986,0.005,0.995,1.0
2025-12-11T07:26:24.197420,0.005,0.995,1.0
2025-12-11T07:26:24.843277,0.005,0.995,1.0
2025-12-11T07:26:25.470247,0.005,0.995,1.0
2025-12-11T07:26:26.112260,0.005,0.995,1.0
2025-12-11T07:26:26.751113,0.005,0.995,1.0
2025-12-11T07:26:27.371575,0.005,0.995,1.0
2025-12-11T07:26:27.995316,0.005,0.995,1.0
2025-12-11T07:26:28.630463,0.005,0.995,1.0
2025-12-11T07:26:29.254860,0.005,0.995,1.0
2025-12-11T07:26:29.897111,0.005,0.995,1.0
2025-12-11T07:26:30.522812,0.005,0.995,1.0
2025-12-11T07:26:31.150281,0.005,0.995,1.0
2025-12-11T07:26:31.778475,0.005,0.995,1.0
2025-12-11T07:26:32.401167,0.005,0.995,1.0
2025-12-11T07:26:33.046728,0.005,0.995,1.0
2025-12-11T07:26:33.691690,0.005,0.995,1.0
2025-12-11T07:26:34.318875,0.005,0.995,1.0
2025-12-11T07:26:34.939034,0.005,0.995,1.0
2025-12-11T07:26:35.616848,0.005,0.995,1.0
2025-12-11T07:26:36.244653,0.005,0.995,1.0
2025-12-11T07:26:36.877205,0.005,0.995,1.0
2025-12-11T07:26:37.502237,0.005,0.995,1.0
2025-12-11T07:26:38.123317,0.005,0.995,1.0
2025-12-11T07:26:38.745552,0.005,0.995,1.0
2025-12-11T07:26:39.379482,0.005,0.995,1.0
2025-12-11T07:26:40.009376,0.005,0.995,1.0
2025-12-11T07:26:40.646463,0.005,0.995,1.0
2025-12-11T07:26:41.281563,0.005,0.995,1.0
2025-12-11T07:26:41.910736,0.005,0.995,1.0
2025-12-11T07:26:42.539688,0.005,0.995,1.0
2025-12-11T07:26:43.183293,0.005,0.995,1.0
2025-12-11T07:26:43.841016,0.005,0.995,1.0
2025-12-11T07:26:44.470338,0.005,0.995,1.0
2025-12-11T07:26:45.105334,0.005,0.995,1.0
2025-12-11T07:26:45.734353,0.005,0.995,1.0
2025-12-11T07:26:46.360556,0.005,0.995,1.0
2025-12-11T07:26:46.969916,0.005,0.995,1.0
2025-12-11T07:26:47.596873,0.005,0.995,1.0
2025-12-11T07:26:48.235057,0.005,0.995,1.0
2025-12-11T07:26:47.308063,0.005,0.995,1.0
2025-12-11T07:26:47.942841,0.005,0.995,1.0
2025-12-11T07:26:48.567229,0.005,0.995,1.0
2025-12-11T07:26:49.188649,0.005,0.995,1.0
2025-12-11T07:26:49.811699,0.005,0.995,1.0
2025-12-11T07:26:50.439271,0.005,0.995,1.0
2025-12-11T07:26:51.060456,0.005,0.995,1.0
2025-12-11T07:26:51.685047,0.005,0.995,1.0
2025-12-11T07:26:52.308601,0.005,0.995,1.0
2025-12-11T07:26:52.937407,0.005,0.995,1.0
2025-12-11T07:26:53.564143,0.005,0.995,1.0
2025-12-11T07:26:54.190607,0.005,0.995,1.0
2025-12-11T07:26:54.819964,0.005,0.995,1.0
2025-12-11T07:26:55.449133,0.005,0.995,1.0
2025-12-11T07:26:56.084235,0.005,0.995,1.0
2025-12-11T07:26:56.714925,0.005,0.995,1.0
2025-12-11T07:26:57.326432,0.005,0.995,1.0
2025-12-11T07:26:57.959382,0.005,0.995,1.0
2025-12-11T07:26:58.597735,0.005,0.995,1.0
2025-12-11T07:26:59.231549,0.005,0.995,1.0
2025-12-11T07:26:59.876247,0.005,0.995,1.0
2025-12-11T07:27:00.505530,0.005,0.995,1.0
2025-12-11T07:27:01.134563,0.005,0.995,1.0
2025-12-11T07:27:01.810017,0.005,0.995,1.0
2025-12-11T07:27:02.453590,0.005,0.995,1.0
2025-12-11T07:27:03.115009,0.005,0.995,1.0
2025-12-11T07:27:03.757364,0.005,0.995,1.0
2025-12-11T07:27:04.390954,0.005,0.995,1.0
2025-12-11T07:27:05.079748,0.005,0.995,1.0
2025-12-11T07:27:05.704160,0.005,0.995,1.0
2025-12-11T07:27:06.327186,0.005,0.995,1.0
2025-12-11T07:27:06.955228,0.005,0.995,1.0
2025-12-11T07:27:07.598917,0.005,0.995,1.0
2025-12-11T07:27:08.226049,0.005,0.995,1.0
2025-12-11T07:27:08.852097,0.005,0.995,1.0
2025-12-11T07:27:09.474412,0.005,0.995,1.0
2025-12-11T07:27:10.109095,0.005,0.995,1.0
2025-12-11T07:27:10.730818,0.005,0.995,1.0
2025-12-11T07:27:11.366238,0.005,0.995,1.0
2025-12-11T07:27:11.989119,0.005,0.995,1.0
2025-12-11T07:27:12.613021,0.005,0.995,1.0
2025-12-11T07:27:13.250634,0.005,0.995,1.0
2025-12-11T07:27:13.876130,0.005,0.995,1.0
2025-12-11T07:27:14.502305,0.005,0.995,1.0
2025-12-11T07:27:15.129191,0.005,0.995,1.0
2025-12-11T07:27:15.752927,0.005,0.995,1.0
2025-12-11T07:27:16.378216,0.005,0.995,1.0
2025-12-11T07:27:17.008987,0.005,0.995,1.0
2025-12-11T07:27:17.630902,0.005,0.995,1.0
2025-12-11T07:27:18.259308,0.005,0.995,1.0
2025-12-11T07:27:18.902006,0.005,0.995,1.0
2025-12-11T07:27:17.976040,0.005,0.995,1.0
2025-12-11T07:27:18.608399,0.005,0.995,1.0
2025-12-11T07:27:19.230001,0.005,0.995,1.0
2025-12-11T07:27:19.843414,0.005,0.995,1.0
2025-12-11T07:27:20.473640,0.005,0.995,1.0
2025-12-11T07:27:21.097189,0.005,0.995,1.0
2025-12-11T07:27:21.726846,0.005,0.995,1.0
2025-12-11T07:27:22.359591,0.005,0.995,1.0
2025-12-11T07:27:22.997073,0.005,0.995,1.0
2025-12-11T07:27:23.626836,0.005,0.995,1.0
2025-12-11T07:27:24.249855,0.005,0.995,1.0
2025-12-11T07:27:24.882198,0.005,0.995,1.0
2025-12-11T07:27:25.520351,0.005,0.995,1.0
2025-12-11T07:27:26.148334,0.005,0.995,1.0
2025-12-11T07:27:26.777340,0.005,0.995,1.0
2025-12-11T07:27:27.402745,0.005,0.995,1.0
2025-12-11T07:27:28.030419,0.005,0.995,1.0
2025-12-11T07:27:28.659204,0.005,0.995,1.0
2025-12-11T07:27:29.282874,0.005,0.995,1.0
2025-12-11T07:27:29.950973,0.005,0.995,1.0
2025-12-11T07:27:30.588545,0.005,0.995,1.0
2025-12-11T07:27:31.215341,0.005,0.995,1.0
2025-12-11T07:27:31.823286,0.005,0.995,1.0
2025-12-11T07:27:32.449978,0.005,0.995,1.0
2025-12-11T07:27:33.082918,0.005,0.995,1.0
2025-12-11T07:27:33.750710,0.005,0.995,1.0
2025-12-11T07:27:34.381183,0.005,0.995,1.0
2025-12-11T07:27:35.012111,0.005,0.995,1.0
2025-12-11T07:27:35.650794,0.005,0.995,1.0
2025-12-11T07:27:36.275848,0.005,0.995,1.0
2025-12-11T07:27:36.907710,0.005,0.995,1.0
2025-12-11T07:27:37.574401,0.005,0.995,1.0
2025-12-11T07:27:38.204750,0.005,0.995,1.0
2025-12-11T07:27:38.836642,0.005,0.995,1.0
2025-12-11T07:27:39.468969,0.005,0.995,1.0
2025-12-11T07:27:40.092202,0.005,0.995,1.0
2025-12-11T07:27:40.728491,0.005,0.995,1.0
2025-12-11T07:27:41.365615,0.005,0.995,1.0
2025-12-11T07:27:41.998954,0.005,0.995,1.0
2025-12-11T07:27:42.622341,0.005,0.995,1.0
2025-12-11T07:27:43.245014,0.005,0.995,1.0
2025-12-11T07:27:43.871710,0.005,0.995,1.0
2025-12-11T07:27:44.503127,0.005,0.995,1.0
2025-12-11T07:27:45.147149,0.005,0.995,1.0
2025-12-11T07:27:45.770814,0.005,0.995,1.0
2025-12-11T07:27:46.406014,0.005,0.995,1.0
2025-12-11T07:27:47.026220,0.005,0.995,1.0
2025-12-11T07:27:47.658284,0.005,0.995,1.0
2025-12-11T07:27:48.292438,0.005,0.995,1.0
2025-12-11T07:27:48.921294,0.005,0.995,1.0
2025-12-11T07:27:49.574800,0.005,0.995,1.0
2025-12-11T07:27:48.635325,0.005,0.995,1.0
2025-12-11T07:27:49.259893,0.005,0.995,1.0
2025-12-11T07:27:49.879827,0.005,0.995,1.0
2025-12-11T07:27:50.506731,0.005,0.995,1.0
2025-12-11T07:27:51.132072,0.005,0.995,1.0
2025-12-11T07:27:51.775514,0.005,0.995,1.0
2025-12-11T07:27:52.400043,0.005,0.995,1.0
2025-12-11T07:27:53.019696,0.005,0.995,1.0
2025-12-11T07:27:53.644759,0.005,0.995,1.0
2025-12-11T07:27:54.289224,0.005,0.995,1.0
2025-12-11T07:27:54.930268,0.005,0.995,1.0
2025-12-11T07:27:55.557220,0.005,0.995,1.0
2025-12-11T07:27:56.191584,0.005,0.995,1.0
2025-12-11T07:27:56.813938,0.005,0.995,1.0
2025-12-11T07:27:57.442954,0.005,0.995,1.0
2025-12-11T07:27:58.077572,0.005,0.995,1.0
2025-12-11T07:27:58.706407,0.005,0.995,1.0
2025-12-11T07:27:59.341733,0.005,0.995,1.0
2025-12-11T07:27:59.974274,0.005,0.995,1.0
2025-12-11T07:28:00.599501,0.005,0.995,1.0
2025-12-11T07:28:01.230269,0.005,0.995,1.0
2025-12-11T07:28:01.849712,0.005,0.995,1.0
2025-12-11T07:28:02.469416,0.005,0.995,1.0
2025-12-11T07:28:03.093723,0.005,0.995,1.0
2025-12-11T07:28:03.717242,0.005,0.995,1.0
2025-12-11T07:28:04.486139,0.005,0.995,1.0
2025-12-11T07:28:05.122396,0.005,0.995,1.0
2025-12-11T07:28:05.750476,0.005,0.995,1.0
2025-12-11T07:28:06.370716,0.005,0.995,1.0
2025-12-11T07:28:06.997096,0.005,0.995,1.0
2025-12-11T07:28:07.617308,0.005,0.995,1.0
2025-12-11T07:28:08.246142,0.005,0.995,1.0
2025-12-11T07:28:08.877203,0.005,0.995,1.0
2025-12-11T07:28:09.518404,0.005,0.995,1.0
2025-12-11T07:28:10.158151,0.005,0.995,1.0
2025-12-11T07:28:10.782613,0.005,0.995,1.0
2025-12-11T07:28:11.410045,0.005,0.995,1.0
2025-12-11T07:28:12.037645,0.005,0.995,1.0
2025-12-11T07:28:12.658857,0.005,0.995,1.0
2025-12-11T07:28:13.289838,0.005,0.995,1.0
2025-12-11T07:28:13.940270,0.005,0.995,1.0
2025-12-11T07:28:14.581380,0.005,0.995,1.0
2025-12-11T07:28:15.211036,0.005,0.995,1.0
2025-12-11T07:28:15.847339,0.005,0.995,1.0
2025-12-11T07:28:16.474611,0.005,0.995,1.0
2025-12-11T07:28:17.108627,0.005,0.995,1.0
2025-12-11T07:28:17.735871,0.005,0.995,1.0
2025-12-11T07:28:18.349762,0.005,0.995,1.0
2025-12-11T07:28:18.973298,0.005,0.995,1.0
2025-12-11T07:28:19.601159,0.005,0.995,1.0
2025-12-11T07:28:20.241187,0.005,0.995,1.0
2025-12-11T07:28:19.291403,0.005,0.995,1.0
2025-12-11T07:28:19.919843,0.005,0.995,1.0
2025-12-11T07:28:20.566565,0.005,0.995,1.0
2025-12-11T07:28:21.196765,0.005,0.995,1.0
2025-12-11T07:28:21.835660,0.005,0.995,1.0
2025-12-11T07:28:22.460153,0.005,0.995,1.0
2025-12-11T07:28:23.093507,0.005,0.995,1.0
2025-12-11T07:28:23.715569,0.005,0.995,1.0
2025-12-11T07:28:24.351770,0.005,0.995,1.0
2025-12-11T07:28:24.977655,0.005,0.995,1.0
2025-12-11T07:28:25.601243,0.005,0.995,1.0
2025-12-11T07:28:26.224465,0.005,0.995,1.0
2025-12-11T07:28:26.858098,0.005,0.995,1.0
2025-12-11T07:28:27.483593,0.005,0.995,1.0
2025-12-11T07:28:28.152700,0.005,0.995,1.0
2025-12-11T07:28:28.770332,0.005,0.995,1.0
2025-12-11T07:28:29.391782,0.005,0.995,1.0
2025-12-11T07:28:30.032757,0.005,0.995,1.0
2025-12-11T07:28:30.671561,0.005,0.995,1.0
2025-12-11T07:28:31.300996,0.005,0.995,1.0
2025-12-11T07:28:31.927062,0.005,0.995,1.0
2025-12-11T07:28:32.550942,0.005,0.995,1.0
2025-12-11T07:28:33.172763,0.005,0.995,1.0
2025-12-11T07:28:33.805321,0.005,0.995,1.0
2025-12-11T07:28:34.428438,0.005,0.995,1.0
2025-12-11T07:28:35.138993,0.005,0.995,1.0
2025-12-11T07:28:35.782572,0.005,0.995,1.0
2025-12-11T07:28:36.406984,0.005,0.995,1.0
2025-12-11T07:28:37.031574,0.005,0.995,1.0
2025-12-11T07:28:37.665689,0.005,0.995,1.0
2025-12-11T07:28:38.306152,0.005,0.995,1.0
2025-12-11T07:28:38.947501,0.005,0.995,1.0
2025-12-11T07:28:39.581036,0.005,0.995,1.0
2025-12-11T07:28:40.216200,0.005,0.995,1.0
2025-12-11T07:28:40.836760,0.005,0.995,1.0
2025-12-11T07:28:41.496532,0.005,0.995,1.0
2025-12-11T07:28:42.129474,0.005,0.995,1.0
2025-12-11T07:28:42.759471,0.005,0.995,1.0
2025-12-11T07:28:43.390368,0.005,0.995,1.0
2025-12-11T07:28:44.026900,0.005,0.995,1.0
2025-12-11T07:28:44.639760,0.005,0.995,1.0
2025-12-11T07:28:45.290360,0.005,0.995,1.0
2025-12-11T07:28:45.920871,0.005,0.995,1.0
2025-12-11T07:28:46.551256,0.005,0.995,1.0
2025-12-11T07:28:47.175237,0.005,0.995,1.0
2025-12-11T07:28:47.800595,0.005,0.995,1.0
2025-12-11T07:28:48.422589,0.005,0.995,1.0
2025-12-11T07:28:49.065817,0.005,0.995,1.0
2025-12-11T07:28:49.714897,0.005,0.995,1.0
2025-12-11T07:28:50.421389,0.005,0.995,1.0
2025-12-11T07:28:51.059701,0.005,0.995,1.0
2025-12-11T07:28:50.135298,0.005,0.995,1.0
2025-12-11T07:28:50.769732,0.005,0.995,1.0
2025-12-11T07:28:51.400691,0.005,0.995,1.0
2025-12-11T07:28:52.029542,0.005,0.995,1.0
2025-12-11T07:28:52.674297,0.005,0.995,1.0
2025-12-11T07:28:53.295145,0.005,0.995,1.0
2025-12-11T07:28:53.923558,0.005,0.995,1.0
2025-12-11T07:28:54.573863,0.005,0.995,1.0
2025-12-11T07:28:55.237326,0.005,0.995,1.0
2025-12-11T07:28:55.865565,0.005,0.995,1.0
2025-12-11T07:28:56.514283,0.005,0.995,1.0
2025-12-11T07:28:57.147653,0.005,0.995,1.0
2025-12-11T07:28:57.777350,0.005,0.995,1.0
2025-12-11T07:28:58.406333,0.005,0.995,1.0
2025-12-11T07:28:59.082948,0.005,0.995,1.0
2025-12-11T07:28:59.723254,0.005,0.995,1.0
2025-12-11T07:29:00.357330,0.005,0.995,1.0
2025-12-11T07:29:00.981997,0.005,0.995,1.0
2025-12-11T07:29:01.609110,0.005,0.995,1.0
2025-12-11T07:29:02.236532,0.005,0.995,1.0
2025-12-11T07:29:02.878131,0.005,0.995,1.0
2025-12-11T07:29:03.533679,0.005,0.995,1.0
2025-12-11T07:29:04.169861,0.005,0.995,1.0
2025-12-11T07:29:04.801785,0.005,0.995,1.0
2025-12-11T07:29:05.425191,0.005,0.995,1.0
2025-12-11T07:29:06.048892,0.005,0.995,1.0
2025-12-11T07:29:06.679772,0.005,0.995,1.0
2025-12-11T07:29:07.301729,0.005,0.995,1.0
2025-12-11T07:29:07.950811,0.005,0.995,1.0
2025-12-11T07:29:08.601427,0.005,0.995,1.0
2025-12-11T07:29:09.223491,0.005,0.995,1.0
2025-12-11T07:29:09.868201,0.005,0.995,1.0
2025-12-11T07:29:10.497097,0.005,0.995,1.0
2025-12-11T07:29:11.109577,0.005,0.995,1.0
2025-12-11T07:29:11.736155,0.005,0.995,1.0
2025-12-11T07:29:12.377367,0.005,0.995,1.0
2025-12-11T07:29:13.010313,0.005,0.995,1.0
2025-12-11T07:29:13.657403,0.005,0.995,1.0
2025-12-11T07:29:14.290256,0.005,0.995,1.0
2025-12-11T07:29:14.927473,0.005,0.995,1.0
2025-12-11T07:29:15.561349,0.005,0.995,1.0
2025-12-11T07:29:16.215384,0.005,0.995,1.0
2025-12-11T07:29:16.840483,0.005,0.995,1.0
2025-12-11T07:29:17.457758,0.005,0.995,1.0
2025-12-11T07:29:18.082799,0.005,0.995,1.0
2025-12-11T07:29:18.712496,0.005,0.995,1.0
2025-12-11T07:29:19.332570,0.005,0.995,1.0
2025-12-11T07:29:19.963795,0.005,0.995,1.0
2025-12-11T07:29:20.592668,0.005,0.995,1.0
2025-12-11T07:29:21.225311,0.005,0.995,1.0
2025-12-11T07:29:20.295438,0.005,0.995,1.0
2025-12-11T07:29:20.936143,0.005,0.995,1.0
2025-12-11T07:29:21.555263,0.005,0.995,1.0
2025-12-11T07:29:22.189655,0.005,0.995,1.0
2025-12-11T07:29:22.815881,0.005,0.995,1.0
2025-12-11T07:29:23.492314,0.005,0.995,1.0
2025-12-11T07:29:24.134056,0.005,0.995,1.0
2025-12-11T07:29:24.758045,0.005,0.995,1.0
2025-12-11T07:29:25.390468,0.005,0.995,1.0
2025-12-11T07:29:26.016394,0.005,0.995,1.0
2025-12-11T07:29:26.663360,0.005,0.995,1.0
2025-12-11T07:29:27.293520,0.005,0.995,1.0
2025-12-11T07:29:27.916305,0.005,0.995,1.0
2025-12-11T07:29:28.590127,0.005,0.995,1.0
2025-12-11T07:29:29.224635,0.005,0.995,1.0
2025-12-11T07:29:29.856376,0.005,0.995,1.0
2025-12-11T07:29:30.475950,0.005,0.995,1.0
2025-12-11T07:29:31.097373,0.005,0.995,1.0
2025-12-11T07:29:31.725822,0.005,0.995,1.0
2025-12-11T07:29:32.362555,0.005,0.995,1.0
2025-12-11T07:29:32.995205,0.005,0.995,1.0
2025-12-11T07:29:33.611003,0.005,0.995,1.0
2025-12-11T07:29:34.241159,0.005,0.995,1.0
2025-12-11T07:29:34.866717,0.005,0.995,1.0
2025-12-11T07:29:35.499265,0.005,0.995,1.0
2025-12-11T07:29:36.125613,0.005,0.995,1.0
2025-12-11T07:29:36.764183,0.005,0.995,1.0
2025-12-11T07:29:37.399362,0.005,0.995,1.0
2025-12-11T07:29:38.055224,0.005,0.995,1.0
2025-12-11T07:29:38.684494,0.005,0.995,1.0
2025-12-11T07:29:39.311971,0.005,0.995,1.0
2025-12-11T07:29:39.932339,0.005,0.995,1.0
2025-12-11T07:29:40.554071,0.005,0.995,1.0
2025-12-11T07:29:41.176241,0.005,0.995,1.0
2025-12-11T07:29:41.836710,0.005,0.995,1.0
2025-12-11T07:29:42.461755,0.005,0.995,1.0
2025-12-11T07:29:43.110283,0.005,0.995,1.0
2025-12-11T07:29:43.737231,0.005,0.995,1.0
2025-12-11T07:29:44.372820,0.005,0.995,1.0
2025-12-11T07:29:44.994841,0.005,0.995,1.0
2025-12-11T07:29:45.617611,0.005,0.995,1.0
2025-12-11T07:29:46.246356,0.005,0.995,1.0
2025-12-11T07:29:46.890942,0.005,0.995,1.0
2025-12-11T07:29:47.515820,0.005,0.995,1.0
2025-12-11T07:29:48.142937,0.005,0.995,1.0
2025-12-11T07:29:48.758498,0.005,0.995,1.0
2025-12-11T07:29:49.392897,0.005,0.995,1.0
2025-12-11T07:29:50.016991,0.005,0.995,1.0
2025-12-11T07:29:50.647666,0.005,0.995,1.0
2025-12-11T07:29:51.293375,0.005,0.995,1.0
2025-12-11T07:29:51.919434,0.005,0.995,1.0
2025-12-11T07:29:50.998836,0.005,0.995,1.0
2025-12-11T07:29:51.623336,0.005,0.995,1.0
2025-12-11T07:29:52.240635,0.005,0.995,1.0
2025-12-11T07:29:52.870903,0.005,0.995,1.0
2025-12-11T07:29:53.502397,0.005,0.995,1.0
2025-12-11T07:29:54.131451,0.005,0.995,1.0
2025-12-11T07:29:54.762494,0.005,0.995,1.0
2025-12-11T07:29:55.392706,0.005,0.995,1.0
2025-12-11T07:29:56.008708,0.005,0.995,1.0
2025-12-11T07:29:56.633723,0.005,0.995,1.0
2025-12-11T07:29:57.254673,0.005,0.995,1.0
2025-12-11T07:29:57.863710,0.005,0.995,1.0
2025-12-11T07:29:58.489240,0.005,0.995,1.0
2025-12-11T07:29:59.118822,0.005,0.995,1.0
2025-12-11T07:29:59.750817,0.005,0.995,1.0
2025-12-11T07:30:00.368238,0.005,0.995,1.0
2025-12-11T07:30:00.998760,0.005,0.995,1.0
2025-12-11T07:30:01.667519,0.005,0.995,1.0
2025-12-11T07:30:02.309760,0.005,0.995,1.0
2025-12-11T07:30:02.942336,0.005,0.995,1.0
2025-12-11T07:30:03.571220,0.005,0.995,1.0
2025-12-11T07:30:04.204241,0.005,0.995,1.0
2025-12-11T07:30:04.854465,0.005,0.995,1.0
2025-12-11T07:30:05.478032,0.005,0.995,1.0
2025-12-11T07:30:06.090895,0.005,0.995,1.0
2025-12-11T07:30:06.722072,0.005,0.995,1.0
2025-12-11T07:30:07.348054,0.005,0.995,1.0
2025-12-11T07:30:07.970421,0.005,0.995,1.0
2025-12-11T07:30:08.598742,0.005,0.995,1.0
2025-12-11T07:30:09.223650,0.005,0.995,1.0
2025-12-11T07:30:09.852730,0.005,0.995,1.0
2025-12-11T07:30:10.484535,0.005,0.995,1.0
2025-12-11T07:30:11.102493,0.005,0.995,1.0
2025-12-11T07:30:11.716187,0.005,0.995,1.0
2025-12-11T07:30:12.329494,0.005,0.995,1.0
2025-12-11T07:30:12.958522,0.005,0.995,1.0
2025-12-11T07:30:13.595502,0.005,0.995,1.0
2025-12-11T07:30:14.230427,0.005,0.995,1.0
2025-12-11T07:30:14.856028,0.005,0.995,1.0
2025-12-11T07:30:15.484708,0.005,0.995,1.0
2025-12-11T07:30:16.092730,0.005,0.995,1.0
2025-12-11T07:30:16.710651,0.005,0.995,1.0
2025-12-11T07:30:17.357526,0.005,0.995,1.0
2025-12-11T07:30:17.981135,0.005,0.995,1.0
2025-12-11T07:30:18.597182,0.005,0.995,1.0
2025-12-11T07:30:19.243389,0.005,0.995,1.0
2025-12-11T07:30:19.886537,0.005,0.995,1.0
2025-12-11T07:30:20.523550,0.005,0.995,1.0
2025-12-11T07:30:21.156210,0.005,0.995,1.0
2025-12-11T07:30:21.802394,0.005,0.995,1.0
2025-12-11T07:30:22.434989,0.005,0.995,1.0
2025-12-11T07:30:23.073008,0.005,0.995,1.0
2025-12-11T07:30:22.132623,0.005,0.995,1.0
2025-12-11T07:30:22.760836,0.005,0.995,1.0
2025-12-11T07:30:23.380635,0.005,0.995,1.0
2025-12-11T07:30:23.996193,0.005,0.995,1.0
2025-12-11T07:30:24.622568,0.005,0.995,1.0
2025-12-11T07:30:25.255461,0.005,0.995,1.0
2025-12-11T07:30:25.888901,0.005,0.995,1.0
2025-12-11T07:30:26.525832,0.005,0.995,1.0
2025-12-11T07:30:27.153348,0.005,0.995,1.0
2025-12-11T07:30:27.781654,0.005,0.995,1.0
2025-12-11T07:30:28.408625,0.005,0.995,1.0
2025-12-11T07:30:29.043502,0.005,0.995,1.0
2025-12-11T07:30:29.674408,0.005,0.995,1.0
2025-12-11T07:30:30.300411,0.005,0.995,1.0
2025-12-11T07:30:30.922655,0.005,0.995,1.0
2025-12-11T07:30:31.542618,0.005,0.995,1.0
2025-12-11T07:30:32.170759,0.005,0.995,1.0
2025-12-11T07:30:32.796686,0.005,0.995,1.0
2025-12-11T07:30:33.426015,0.005,0.995,1.0
2025-12-11T07:30:34.053903,0.005,0.995,1.0
2025-12-11T07:30:34.690995,0.005,0.995,1.0
2025-12-11T07:30:35.322918,0.005,0.995,1.0
2025-12-11T07:30:35.969932,0.005,0.995,1.0
2025-12-11T07:30:36.607925,0.005,0.995,1.0
2025-12-11T07:30:37.242581,0.005,0.995,1.0
2025-12-11T07:30:37.863135,0.005,0.995,1.0
2025-12-11T07:30:38.482854,0.005,0.995,1.0
2025-12-11T07:30:39.112422,0.005,0.995,1.0
2025-12-11T07:30:39.749629,0.005,0.995,1.0
2025-12-11T07:30:40.378222,0.005,0.995,1.0
2025-12-11T07:30:41.012835,0.005,0.995,1.0
2025-12-11T07:30:41.642894,0.005,0.995,1.0
2025-12-11T07:30:42.291038,0.005,0.995,1.0
2025-12-11T07:30:42.934726,0.005,0.995,1.0
2025-12-11T07:30:43.572191,0.005,0.995,1.0
2025-12-11T07:30:44.205549,0.005,0.995,1.0
2025-12-11T07:30:44.850628,0.005,0.995,1.0
2025-12-11T07:30:45.503809,0.005,0.995,1.0
2025-12-11T07:30:46.149799,0.005,0.995,1.0
2025-12-11T07:30:46.778650,0.005,0.995,1.0
2025-12-11T07:30:47.407811,0.005,0.995,1.0
2025-12-11T07:30:48.037041,0.005,0.995,1.0
2025-12-11T07:30:48.668606,0.005,0.995,1.0
2025-12-11T07:30:49.292457,0.005,0.995,1.0
2025-12-11T07:30:49.914587,0.005,0.995,1.0
2025-12-11T07:30:50.525619,0.005,0.995,1.0
2025-12-11T07:30:51.157589,0.005,0.995,1.0
2025-12-11T07:30:51.783809,0.005,0.995,1.0
2025-12-11T07:30:52.426961,0.005,0.995,1.0
2025-12-11T07:30:53.051725,0.005,0.995,1.0
2025-12-11T07:30:53.674415,0.005,0.995,1.0
2025-12-11T07:30:52.751755,0.005,0.995,1.0
2025-12-11T07:30:53.374156,0.005,0.995,1.0
2025-12-11T07:30:54.043427,0.005,0.995,1.0
2025-12-11T07:30:54.680705,0.005,0.995,1.0
2025-12-11T07:30:55.330317,0.005,0.995,1.0
2025-12-11T07:30:55.960313,0.005,0.995,1.0
2025-12-11T07:30:56.574389,0.005,0.995,1.0
2025-12-11T07:30:57.197684,0.005,0.995,1.0
2025-12-11T07:30:57.825162,0.005,0.995,1.0
2025-12-11T07:30:58.449317,0.005,0.995,1.0
2025-12-11T07:30:59.075951,0.005,0.995,1.0
2025-12-11T07:30:59.697705,0.005,0.995,1.0
