timestamp,price_yes,price_no,sum_prices
2025-12-10T22:30:59.375436,0.395,0.605,1.0
2025-12-10T22:31:00.005867,0.395,0.605,1.0
2025-12-10T22:31:00.622146,0.395,0.605,1.0
2025-12-10T22:31:01.249607,0.395,0.605,1.0
2025-12-10T22:31:01.897058,0.395,0.605,1.0
2025-12-10T22:31:02.544492,0.385,0.615,1.0
2025-12-10T22:31:03.192076,0.365,0.635,1.0
2025-12-10T22:31:03.815544,0.365,0.635,1.0
2025-12-10T22:31:04.471429,0.365,0.635,1.0
2025-12-10T22:31:05.085294,0.365,0.635,1.0
2025-12-10T22:31:05.708021,0.365,0.635,1.0
2025-12-10T22:31:06.330646,0.365,0.635,1.0
2025-12-10T22:31:06.952092,0.365,0.635,1.0
2025-12-10T22:31:07.596584,0.355,0.645,1.0
2025-12-10T22:31:08.244749,0.355,0.645,1.0
2025-12-10T22:31:08.863254,0.365,0.635,1.0
2025-12-10T22:31:09.491530,0.365,0.635,1.0
2025-12-10T22:31:10.117030,0.355,0.645,1.0
2025-12-10T22:31:10.756721,0.345,0.655,1.0
2025-12-10T22:31:11.379395,0.345,0.655,1.0
2025-12-10T22:31:12.042879,0.335,0.665,1.0
2025-12-10T22:31:12.666877,0.335,0.665,1.0
2025-12-10T22:31:13.299100,0.335,0.665,1.0
2025-12-10T22:31:14.002124,0.335,0.665,1.0
2025-12-10T22:31:14.699034,0.335,0.665,1.0
2025-12-10T22:31:15.394599,0.33,0.67,1.0
2025-12-10T22:31:16.021483,0.33,0.67,1.0
2025-12-10T22:31:16.690741,0.325,0.675,1.0
2025-12-10T22:31:17.343848,0.315,0.685,1.0
2025-12-10T22:31:18.004326,0.305,0.695,1.0
2025-12-10T22:31:18.652981,0.295,0.705,1.0
2025-12-10T22:31:19.303345,0.305,0.695,1.0
2025-12-10T22:31:19.964263,0.305,0.695,1.0
2025-12-10T22:31:20.599332,0.305,0.695,1.0
2025-12-10T22:31:21.239527,0.3,0.7,1.0
2025-12-10T22:31:21.868271,0.305,0.695,1.0
2025-12-10T22:31:22.521333,0.295,0.705,1.0
2025-12-10T22:31:23.187910,0.295,0.715,1.01
2025-12-10T22:31:23.848450,0.285,0.715,1.0
2025-12-10T22:31:24.489206,0.285,0.715,1.0
2025-12-10T22:31:25.152010,0.285,0.715,1.0
2025-12-10T22:31:25.773401,0.275,0.725,1.0
2025-12-10T22:31:26.416213,0.265,0.735,1.0
2025-12-10T22:31:27.046141,0.265,0.735,1.0
2025-12-10T22:31:27.721164,0.28,0.72,1.0
2025-12-10T22:31:28.442804,0.285,0.71,0.9949999999999999
2025-12-10T22:31:29.074097,0.295,0.705,1.0
2025-12-10T22:31:29.692265,0.295,0.705,1.0
2025-12-10T22:31:30.312102,0.3,0.7,1.0
2025-12-10T22:31:30.979264,0.305,0.695,1.0
2025-12-10T22:31:29.938081,0.315,0.685,1.0
2025-12-10T22:31:30.551440,0.315,0.685,1.0
2025-12-10T22:31:31.175601,0.325,0.675,1.0
2025-12-10T22:31:31.794836,0.325,0.675,1.0
2025-12-10T22:31:32.460560,0.325,0.675,1.0
2025-12-10T22:31:33.080156,0.335,0.665,1.0
2025-12-10T22:31:33.698910,0.325,0.675,1.0
2025-12-10T22:31:34.304620,0.325,0.675,1.0
2025-12-10T22:31:35.063623,0.32,0.685,1.0050000000000001
2025-12-10T22:31:35.686165,0.325,0.675,1.0
2025-12-10T22:31:36.297076,0.325,0.675,1.0
2025-12-10T22:31:36.932230,0.325,0.675,1.0
2025-12-10T22:31:37.626393,0.325,0.675,1.0
2025-12-10T22:31:38.254121,0.325,0.675,1.0
2025-12-10T22:31:38.901015,0.33,0.67,1.0
2025-12-10T22:31:39.538648,0.335,0.665,1.0
2025-12-10T22:31:40.168041,0.335,0.665,1.0
2025-12-10T22:31:40.861071,0.335,0.665,1.0
2025-12-10T22:31:41.515892,0.335,0.665,1.0
2025-12-10T22:31:42.146999,0.335,0.665,1.0
2025-12-10T22:31:42.794206,0.335,0.665,1.0
2025-12-10T22:31:43.440473,0.335,0.665,1.0
2025-12-10T22:31:44.064403,0.335,0.665,1.0
2025-12-10T22:31:44.673874,0.335,0.665,1.0
2025-12-10T22:31:45.372161,0.335,0.665,1.0
2025-12-10T22:31:45.994115,0.335,0.665,1.0
2025-12-10T22:31:46.632845,0.335,0.665,1.0
2025-12-10T22:31:47.266786,0.335,0.665,1.0
2025-12-10T22:31:47.899770,0.335,0.665,1.0
2025-12-10T22:31:48.528504,0.335,0.665,1.0
2025-12-10T22:31:49.162666,0.335,0.665,1.0
2025-12-10T22:31:49.785839,0.335,0.665,1.0
2025-12-10T22:31:50.421427,0.335,0.665,1.0
2025-12-10T22:31:51.054080,0.335,0.665,1.0
2025-12-10T22:31:51.671872,0.335,0.665,1.0
2025-12-10T22:31:52.304588,0.335,0.665,1.0
2025-12-10T22:31:52.933530,0.335,0.665,1.0
2025-12-10T22:31:53.576102,0.335,0.665,1.0
2025-12-10T22:31:54.189280,0.335,0.665,1.0
2025-12-10T22:31:54.825710,0.335,0.665,1.0
2025-12-10T22:31:55.450059,0.325,0.675,1.0
2025-12-10T22:31:56.092782,0.325,0.675,1.0
2025-12-10T22:31:56.721155,0.335,0.665,1.0
2025-12-10T22:31:57.362943,0.335,0.665,1.0
2025-12-10T22:31:58.001085,0.335,0.665,1.0
2025-12-10T22:31:58.637885,0.335,0.665,1.0
2025-12-10T22:31:59.264593,0.335,0.665,1.0
2025-12-10T22:31:59.891963,0.325,0.675,1.0
2025-12-10T22:32:00.524755,0.325,0.675,1.0
2025-12-10T22:32:01.157621,0.325,0.675,1.0
2025-12-10T22:32:01.800978,0.325,0.675,1.0
2025-12-10T22:32:00.775187,0.325,0.66,0.9850000000000001
2025-12-10T22:32:01.402831,0.345,0.655,1.0
2025-12-10T22:32:02.087218,0.345,0.655,1.0
2025-12-10T22:32:02.702215,0.335,0.665,1.0
2025-12-10T22:32:03.334993,0.325,0.675,1.0
2025-12-10T22:32:03.954225,0.315,0.68,0.9950000000000001
2025-12-10T22:32:04.579838,0.315,0.685,1.0
2025-12-10T22:32:05.190536,0.315,0.685,1.0
2025-12-10T22:32:05.799202,0.315,0.685,1.0
2025-12-10T22:32:06.426948,0.315,0.685,1.0
2025-12-10T22:32:07.089472,0.31,0.69,1.0
2025-12-10T22:32:07.736526,0.305,0.705,1.01
2025-12-10T22:32:08.399512,0.295,0.705,1.0
2025-12-10T22:32:09.043044,0.295,0.705,1.0
2025-12-10T22:32:09.724103,0.285,0.715,1.0
2025-12-10T22:32:10.390089,0.29,0.71,1.0
2025-12-10T22:32:11.021800,0.295,0.705,1.0
2025-12-10T22:32:11.676454,0.295,0.705,1.0
2025-12-10T22:32:12.398215,0.295,0.705,1.0
2025-12-10T22:32:13.051943,0.295,0.705,1.0
2025-12-10T22:32:13.707091,0.295,0.705,1.0
2025-12-10T22:32:14.344004,0.305,0.695,1.0
2025-12-10T22:32:14.990553,0.305,0.7,1.005
2025-12-10T22:32:15.618437,0.3,0.695,0.9949999999999999
2025-12-10T22:32:16.253927,0.305,0.695,1.0
2025-12-10T22:32:16.895677,0.305,0.695,1.0
2025-12-10T22:32:17.524007,0.315,0.685,1.0
2025-12-10T22:32:18.183545,0.325,0.675,1.0
2025-12-10T22:32:18.806300,0.315,0.685,1.0
2025-12-10T22:32:19.434300,0.315,0.685,1.0
2025-12-10T22:32:20.094364,0.315,0.685,1.0
2025-12-10T22:32:20.711818,0.315,0.685,1.0
2025-12-10T22:32:21.326885,0.315,0.685,1.0
2025-12-10T22:32:21.948759,0.305,0.695,1.0
2025-12-10T22:32:22.564567,0.305,0.695,1.0
2025-12-10T22:32:23.176425,0.295,0.705,1.0
2025-12-10T22:32:23.818880,0.295,0.705,1.0
2025-12-10T22:32:24.472082,0.295,0.7,0.9949999999999999
2025-12-10T22:32:25.110572,0.305,0.695,1.0
2025-12-10T22:32:25.744269,0.305,0.695,1.0
2025-12-10T22:32:26.381462,0.305,0.685,0.99
2025-12-10T22:32:27.017126,0.315,0.685,1.0
2025-12-10T22:32:27.646753,0.315,0.685,1.0
2025-12-10T22:32:28.263859,0.315,0.685,1.0
2025-12-10T22:32:28.881125,0.315,0.685,1.0
2025-12-10T22:32:29.538315,0.305,0.695,1.0
2025-12-10T22:32:30.198136,0.295,0.705,1.0
2025-12-10T22:32:30.834218,0.295,0.705,1.0
2025-12-10T22:32:31.449982,0.295,0.705,1.0
2025-12-10T22:32:32.078591,0.295,0.705,1.0
2025-12-10T22:32:31.047223,0.295,0.705,1.0
2025-12-10T22:32:31.690356,0.295,0.705,1.0
2025-12-10T22:32:32.364975,0.285,0.715,1.0
2025-12-10T22:32:33.037750,0.275,0.725,1.0
2025-12-10T22:32:33.668434,0.275,0.735,1.01
2025-12-10T22:32:34.321815,0.265,0.735,1.0
2025-12-10T22:32:34.960396,0.255,0.745,1.0
2025-12-10T22:32:35.607502,0.255,0.745,1.0
2025-12-10T22:32:36.239821,0.255,0.745,1.0
2025-12-10T22:32:36.872935,0.255,0.745,1.0
2025-12-10T22:32:37.506854,0.255,0.745,1.0
2025-12-10T22:32:38.114413,0.255,0.745,1.0
2025-12-10T22:32:38.748167,0.255,0.745,1.0
2025-12-10T22:32:39.389215,0.245,0.755,1.0
2025-12-10T22:32:40.013833,0.245,0.755,1.0
2025-12-10T22:32:40.637505,0.235,0.765,1.0
2025-12-10T22:32:41.263323,0.235,0.765,1.0
2025-12-10T22:32:41.906960,0.245,0.755,1.0
2025-12-10T22:32:42.531690,0.235,0.765,1.0
2025-12-10T22:32:43.143655,0.235,0.765,1.0
2025-12-10T22:32:43.755645,0.235,0.765,1.0
2025-12-10T22:32:44.387221,0.235,0.765,1.0
2025-12-10T22:32:45.023203,0.235,0.765,1.0
2025-12-10T22:32:45.652703,0.225,0.775,1.0
2025-12-10T22:32:46.270354,0.235,0.765,1.0
2025-12-10T22:32:46.909495,0.235,0.765,1.0
2025-12-10T22:32:47.551136,0.235,0.765,1.0
2025-12-10T22:32:48.190351,0.235,0.765,1.0
2025-12-10T22:32:48.818947,0.24,0.755,0.995
2025-12-10T22:32:49.457228,0.245,0.75,0.995
2025-12-10T22:32:50.074535,0.25,0.75,1.0
2025-12-10T22:32:50.702682,0.25,0.75,1.0
2025-12-10T22:32:51.328672,0.255,0.745,1.0
2025-12-10T22:32:51.965153,0.255,0.745,1.0
2025-12-10T22:32:52.595493,0.255,0.745,1.0
2025-12-10T22:32:53.213249,0.25,0.745,0.995
2025-12-10T22:32:53.832785,0.245,0.755,1.0
2025-12-10T22:32:54.471872,0.245,0.755,1.0
2025-12-10T22:32:55.096533,0.255,0.745,1.0
2025-12-10T22:32:55.738485,0.255,0.745,1.0
2025-12-10T22:32:56.399180,0.255,0.745,1.0
2025-12-10T22:32:57.016862,0.255,0.745,1.0
2025-12-10T22:32:57.655397,0.255,0.745,1.0
2025-12-10T22:32:58.313576,0.255,0.745,1.0
2025-12-10T22:32:58.963741,0.255,0.745,1.0
2025-12-10T22:32:59.598387,0.255,0.745,1.0
2025-12-10T22:33:00.224320,0.255,0.745,1.0
2025-12-10T22:33:00.856299,0.255,0.755,1.01
2025-12-10T22:33:01.481869,0.245,0.755,1.0
2025-12-10T22:33:02.112995,0.255,0.745,1.0
2025-12-10T22:33:02.730652,0.26,0.74,1.0
2025-12-10T22:33:01.715903,0.265,0.735,1.0
2025-12-10T22:33:02.341741,0.26,0.74,1.0
2025-12-10T22:33:02.980606,0.255,0.745,1.0
2025-12-10T22:33:03.592477,0.245,0.755,1.0
2025-12-10T22:33:04.211576,0.245,0.755,1.0
2025-12-10T22:33:04.869367,0.245,0.755,1.0
2025-12-10T22:33:05.504358,0.255,0.745,1.0
2025-12-10T22:33:06.130838,0.265,0.735,1.0
2025-12-10T22:33:06.748558,0.265,0.735,1.0
2025-12-10T22:33:07.471964,0.265,0.735,1.0
2025-12-10T22:33:08.113443,0.26,0.74,1.0
2025-12-10T22:33:08.749280,0.26,0.74,1.0
2025-12-10T22:33:09.365517,0.255,0.75,1.005
2025-12-10T22:33:09.979882,0.245,0.755,1.0
2025-12-10T22:33:10.632598,0.24,0.76,1.0
2025-12-10T22:33:11.274601,0.24,0.76,1.0
2025-12-10T22:33:11.901714,0.24,0.76,1.0
2025-12-10T22:33:12.586373,0.235,0.765,1.0
2025-12-10T22:33:13.206729,0.235,0.765,1.0
2025-12-10T22:33:13.839136,0.235,0.765,1.0
2025-12-10T22:33:14.480860,0.235,0.765,1.0
2025-12-10T22:33:15.147819,0.245,0.755,1.0
2025-12-10T22:33:15.770796,0.245,0.755,1.0
2025-12-10T22:33:16.409544,0.245,0.755,1.0
2025-12-10T22:33:17.063199,0.245,0.755,1.0
2025-12-10T22:33:17.711030,0.245,0.755,1.0
2025-12-10T22:33:18.335504,0.245,0.755,1.0
2025-12-10T22:33:18.972358,0.245,0.755,1.0
2025-12-10T22:33:19.590674,0.245,0.755,1.0
2025-12-10T22:33:20.236166,0.245,0.755,1.0
2025-12-10T22:33:20.873727,0.25,0.75,1.0
2025-12-10T22:33:21.520267,0.255,0.745,1.0
2025-12-10T22:33:22.134731,0.26,0.74,1.0
2025-12-10T22:33:22.769135,0.255,0.745,1.0
2025-12-10T22:33:23.400167,0.245,0.755,1.0
2025-12-10T22:33:24.034050,0.245,0.755,1.0
2025-12-10T22:33:24.652283,0.245,0.755,1.0
2025-12-10T22:33:25.286647,0.245,0.755,1.0
2025-12-10T22:33:25.906568,0.245,0.755,1.0
2025-12-10T22:33:26.522348,0.26,0.74,1.0
2025-12-10T22:33:27.137182,0.265,0.735,1.0
2025-12-10T22:33:27.773553,0.255,0.745,1.0
2025-12-10T22:33:28.414506,0.255,0.745,1.0
2025-12-10T22:33:29.031663,0.245,0.755,1.0
2025-12-10T22:33:29.649717,0.245,0.755,1.0
2025-12-10T22:33:30.266713,0.245,0.755,1.0
2025-12-10T22:33:30.886476,0.25,0.75,1.0
2025-12-10T22:33:31.579814,0.255,0.745,1.0
2025-12-10T22:33:32.220394,0.255,0.745,1.0
2025-12-10T22:33:32.846682,0.255,0.745,1.0
2025-12-10T22:33:33.486178,0.255,0.745,1.0
2025-12-10T22:33:32.456677,0.255,0.745,1.0
2025-12-10T22:33:33.088101,0.255,0.745,1.0
2025-12-10T22:33:33.697551,0.25,0.765,1.0150000000000001
2025-12-10T22:33:34.314209,0.235,0.765,1.0
2025-12-10T22:33:34.959058,0.235,0.765,1.0
2025-12-10T22:33:35.584699,0.235,0.765,1.0
2025-12-10T22:33:36.211521,0.235,0.765,1.0
2025-12-10T22:33:36.827060,0.235,0.765,1.0
2025-12-10T22:33:37.435349,0.235,0.765,1.0
2025-12-10T22:33:38.059018,0.235,0.765,1.0
2025-12-10T22:33:38.680021,0.235,0.765,1.0
2025-12-10T22:33:39.321965,0.235,0.765,1.0
2025-12-10T22:33:39.961975,0.235,0.765,1.0
2025-12-10T22:33:40.582016,0.22,0.78,1.0
2025-12-10T22:33:41.205538,0.22,0.78,1.0
2025-12-10T22:33:41.847293,0.225,0.775,1.0
2025-12-10T22:33:42.471050,0.225,0.775,1.0
2025-12-10T22:33:43.100999,0.225,0.775,1.0
2025-12-10T22:33:43.728948,0.215,0.785,1.0
2025-12-10T22:33:44.362844,0.215,0.785,1.0
2025-12-10T22:33:44.973714,0.205,0.795,1.0
2025-12-10T22:33:45.618018,0.205,0.795,1.0
2025-12-10T22:33:46.235855,0.205,0.795,1.0
2025-12-10T22:33:46.869632,0.205,0.795,1.0
2025-12-10T22:33:47.491314,0.205,0.795,1.0
2025-12-10T22:33:48.138453,0.205,0.795,1.0
2025-12-10T22:33:48.754435,0.205,0.795,1.0
2025-12-10T22:33:49.368524,0.205,0.795,1.0
2025-12-10T22:33:50.016834,0.215,0.78,0.995
2025-12-10T22:33:50.636751,0.275,0.725,1.0
2025-12-10T22:33:51.263620,0.275,0.725,1.0
2025-12-10T22:33:51.935474,0.275,0.725,1.0
2025-12-10T22:33:52.569101,0.285,0.715,1.0
2025-12-10T22:33:53.193014,0.295,0.705,1.0
2025-12-10T22:33:53.824933,0.295,0.705,1.0
2025-12-10T22:33:54.453080,0.295,0.705,1.0
2025-12-10T22:33:55.083759,0.305,0.695,1.0
2025-12-10T22:33:55.717186,0.295,0.705,1.0
2025-12-10T22:33:56.347201,0.29,0.71,1.0
2025-12-10T22:33:56.985815,0.29,0.71,1.0
2025-12-10T22:33:57.614440,0.29,0.71,1.0
2025-12-10T22:33:58.242802,0.29,0.71,1.0
2025-12-10T22:33:58.874373,0.29,0.71,1.0
2025-12-10T22:33:59.487984,0.29,0.71,1.0
2025-12-10T22:34:00.093765,0.295,0.705,1.0
2025-12-10T22:34:00.753725,0.295,0.705,1.0
2025-12-10T22:34:01.419138,0.285,0.715,1.0
2025-12-10T22:34:02.061900,0.265,0.735,1.0
2025-12-10T22:34:02.698691,0.26,0.74,1.0
2025-12-10T22:34:03.381525,0.255,0.745,1.0
2025-12-10T22:34:04.018635,0.255,0.745,1.0
2025-12-10T22:34:02.975831,0.255,0.745,1.0
2025-12-10T22:34:03.599597,0.245,0.755,1.0
2025-12-10T22:34:04.240405,0.245,0.755,1.0
2025-12-10T22:34:04.887824,0.245,0.755,1.0
2025-12-10T22:34:05.546264,0.255,0.735,0.99
2025-12-10T22:34:06.259841,0.265,0.735,1.0
2025-12-10T22:34:06.916293,0.265,0.735,1.0
2025-12-10T22:34:07.569392,0.26,0.74,1.0
2025-12-10T22:34:08.200792,0.26,0.74,1.0
2025-12-10T22:34:08.848744,0.265,0.735,1.0
2025-12-10T22:34:09.481865,0.265,0.735,1.0
2025-12-10T22:34:10.115066,0.265,0.735,1.0
2025-12-10T22:34:10.739110,0.26,0.74,1.0
2025-12-10T22:34:11.396763,0.255,0.745,1.0
2025-12-10T22:34:12.033757,0.26,0.74,1.0
2025-12-10T22:34:12.684071,0.26,0.74,1.0
2025-12-10T22:34:13.335550,0.275,0.72,0.995
2025-12-10T22:34:13.986180,0.275,0.725,1.0
2025-12-10T22:34:14.630956,0.275,0.725,1.0
2025-12-10T22:34:15.292040,0.275,0.725,1.0
2025-12-10T22:34:15.993787,0.265,0.745,1.01
2025-12-10T22:34:16.603557,0.255,0.755,1.01
2025-12-10T22:34:17.238261,0.235,0.765,1.0
2025-12-10T22:34:17.906929,0.235,0.765,1.0
2025-12-10T22:34:18.533984,0.235,0.765,1.0
2025-12-10T22:34:19.176983,0.235,0.765,1.0
2025-12-10T22:34:19.806831,0.235,0.765,1.0
2025-12-10T22:34:20.442763,0.255,0.745,1.0
2025-12-10T22:34:21.097947,0.255,0.745,1.0
2025-12-10T22:34:21.747342,0.26,0.74,1.0
2025-12-10T22:34:22.411851,0.255,0.745,1.0
2025-12-10T22:34:23.049967,0.255,0.745,1.0
2025-12-10T22:34:23.691168,0.255,0.745,1.0
2025-12-10T22:34:24.313470,0.26,0.74,1.0
2025-12-10T22:34:24.945508,0.255,0.745,1.0
2025-12-10T22:34:25.579736,0.255,0.745,1.0
2025-12-10T22:34:26.214066,0.255,0.745,1.0
2025-12-10T22:34:26.849849,0.255,0.745,1.0
2025-12-10T22:34:27.473290,0.255,0.745,1.0
2025-12-10T22:34:28.100194,0.255,0.745,1.0
2025-12-10T22:34:28.832597,0.245,0.76,1.005
2025-12-10T22:34:29.467938,0.235,0.765,1.0
2025-12-10T22:34:30.108878,0.235,0.765,1.0
2025-12-10T22:34:30.754569,0.225,0.775,1.0
2025-12-10T22:34:31.404542,0.225,0.775,1.0
2025-12-10T22:34:32.067622,0.225,0.775,1.0
2025-12-10T22:34:32.697119,0.225,0.775,1.0
2025-12-10T22:34:33.342294,0.225,0.775,1.0
2025-12-10T22:34:33.992672,0.225,0.775,1.0
2025-12-10T22:34:34.635825,0.24,0.755,0.995
2025-12-10T22:34:33.629692,0.255,0.745,1.0
2025-12-10T22:34:34.262265,0.265,0.735,1.0
2025-12-10T22:34:34.881313,0.28,0.72,1.0
2025-12-10T22:34:35.511793,0.28,0.72,1.0
2025-12-10T22:34:36.154979,0.275,0.73,1.005
2025-12-10T22:34:36.782801,0.265,0.735,1.0
2025-12-10T22:34:37.414372,0.27,0.73,1.0
2025-12-10T22:34:38.065625,0.275,0.725,1.0
2025-12-10T22:34:38.693346,0.275,0.725,1.0
2025-12-10T22:34:39.318025,0.28,0.715,0.995
2025-12-10T22:34:39.938557,0.245,0.755,1.0
2025-12-10T22:34:40.573134,0.27,0.725,0.995
2025-12-10T22:34:41.230190,0.27,0.73,1.0
2025-12-10T22:34:41.867660,0.265,0.735,1.0
2025-12-10T22:34:42.497194,0.27,0.73,1.0
2025-12-10T22:34:43.113541,0.28,0.72,1.0
2025-12-10T22:34:43.750954,0.28,0.72,1.0
2025-12-10T22:34:44.377774,0.275,0.725,1.0
2025-12-10T22:34:45.000867,0.265,0.735,1.0
2025-12-10T22:34:45.665400,0.265,0.74,1.005
2025-12-10T22:34:46.286519,0.265,0.735,1.0
2025-12-10T22:34:46.912240,0.265,0.735,1.0
2025-12-10T22:34:47.544894,0.265,0.735,1.0
2025-12-10T22:34:48.196693,0.265,0.735,1.0
2025-12-10T22:34:48.838046,0.265,0.735,1.0
2025-12-10T22:34:49.453491,0.265,0.735,1.0
2025-12-10T22:34:50.098680,0.265,0.735,1.0
2025-12-10T22:34:50.714720,0.265,0.735,1.0
2025-12-10T22:34:51.352616,0.27,0.73,1.0
2025-12-10T22:34:52.001104,0.27,0.73,1.0
2025-12-10T22:34:52.626522,0.27,0.73,1.0
2025-12-10T22:34:53.240773,0.27,0.73,1.0
2025-12-10T22:34:53.862293,0.27,0.73,1.0
2025-12-10T22:34:54.492149,0.27,0.73,1.0
2025-12-10T22:34:55.125388,0.27,0.73,1.0
2025-12-10T22:34:55.751390,0.27,0.73,1.0
2025-12-10T22:34:56.373364,0.27,0.735,1.005
2025-12-10T22:34:56.999084,0.265,0.735,1.0
2025-12-10T22:34:57.640272,0.265,0.735,1.0
2025-12-10T22:34:58.267368,0.265,0.735,1.0
2025-12-10T22:34:58.881282,0.265,0.735,1.0
2025-12-10T22:34:59.512481,0.27,0.73,1.0
2025-12-10T22:35:00.139374,0.27,0.73,1.0
2025-12-10T22:35:00.777884,0.275,0.725,1.0
2025-12-10T22:35:01.410425,0.27,0.73,1.0
2025-12-10T22:35:02.038013,0.27,0.73,1.0
2025-12-10T22:35:02.657376,0.275,0.725,1.0
2025-12-10T22:35:03.282501,0.285,0.715,1.0
2025-12-10T22:35:03.914894,0.285,0.715,1.0
2025-12-10T22:35:04.554396,0.305,0.695,1.0
2025-12-10T22:35:05.189815,0.315,0.685,1.0
2025-12-10T22:35:04.148104,0.335,0.66,0.9950000000000001
2025-12-10T22:35:04.781248,0.345,0.655,1.0
2025-12-10T22:35:05.405768,0.355,0.645,1.0
2025-12-10T22:35:06.061261,0.345,0.655,1.0
2025-12-10T22:35:06.719232,0.355,0.645,1.0
2025-12-10T22:35:07.353948,0.34,0.66,1.0
2025-12-10T22:35:08.002266,0.33,0.67,1.0
2025-12-10T22:35:08.644484,0.325,0.675,1.0
2025-12-10T22:35:09.279604,0.325,0.675,1.0
2025-12-10T22:35:09.929281,0.325,0.675,1.0
2025-12-10T22:35:10.575400,0.33,0.67,1.0
2025-12-10T22:35:11.209737,0.33,0.67,1.0
2025-12-10T22:35:11.839717,0.33,0.67,1.0
2025-12-10T22:35:12.500299,0.33,0.67,1.0
2025-12-10T22:35:13.126559,0.33,0.665,0.9950000000000001
2025-12-10T22:35:13.750744,0.345,0.655,1.0
2025-12-10T22:35:14.370223,0.345,0.655,1.0
2025-12-10T22:35:14.999448,0.345,0.655,1.0
2025-12-10T22:35:15.631717,0.345,0.655,1.0
2025-12-10T22:35:16.262077,0.335,0.665,1.0
2025-12-10T22:35:16.916099,0.325,0.675,1.0
2025-12-10T22:35:17.541293,0.315,0.685,1.0
2025-12-10T22:35:18.197283,0.315,0.685,1.0
2025-12-10T22:35:18.826162,0.325,0.675,1.0
2025-12-10T22:35:19.484122,0.33,0.67,1.0
2025-12-10T22:35:20.107066,0.335,0.665,1.0
2025-12-10T22:35:20.746290,0.315,0.685,1.0
2025-12-10T22:35:21.372821,0.32,0.68,1.0
2025-12-10T22:35:21.997149,0.325,0.675,1.0
2025-12-10T22:35:22.619002,0.325,0.67,0.9950000000000001
2025-12-10T22:35:23.238416,0.33,0.67,1.0
2025-12-10T22:35:23.854738,0.335,0.655,0.99
2025-12-10T22:35:24.475525,0.345,0.655,1.0
2025-12-10T22:35:25.106755,0.355,0.645,1.0
2025-12-10T22:35:25.731695,0.345,0.655,1.0
2025-12-10T22:35:26.374082,0.345,0.655,1.0
2025-12-10T22:35:27.035389,0.345,0.655,1.0
2025-12-10T22:35:27.682323,0.345,0.655,1.0
2025-12-10T22:35:28.319142,0.355,0.65,1.005
2025-12-10T22:35:28.983094,0.355,0.645,1.0
2025-12-10T22:35:29.611615,0.365,0.635,1.0
2025-12-10T22:35:30.239660,0.375,0.625,1.0
2025-12-10T22:35:30.908037,0.365,0.635,1.0
2025-12-10T22:35:31.589179,0.355,0.645,1.0
2025-12-10T22:35:32.257685,0.335,0.665,1.0
2025-12-10T22:35:32.877741,0.345,0.655,1.0
2025-12-10T22:35:33.506203,0.345,0.655,1.0
2025-12-10T22:35:34.226931,0.345,0.655,1.0
2025-12-10T22:35:34.951846,0.335,0.665,1.0
2025-12-10T22:35:35.664076,0.335,0.665,1.0
2025-12-10T22:35:34.623340,0.335,0.665,1.0
2025-12-10T22:35:35.254162,0.345,0.655,1.0
2025-12-10T22:35:35.906962,0.335,0.665,1.0
2025-12-10T22:35:36.526830,0.335,0.665,1.0
2025-12-10T22:35:37.160652,0.335,0.665,1.0
2025-12-10T22:35:37.848576,0.335,0.665,1.0
2025-12-10T22:35:38.504633,0.335,0.665,1.0
2025-12-10T22:35:39.123388,0.325,0.675,1.0
2025-12-10T22:35:39.749792,0.325,0.675,1.0
2025-12-10T22:35:40.381724,0.325,0.675,1.0
2025-12-10T22:35:41.056343,0.325,0.675,1.0
2025-12-10T22:35:41.793313,0.315,0.685,1.0
2025-12-10T22:35:42.425668,0.315,0.685,1.0
2025-12-10T22:35:43.067808,0.325,0.675,1.0
2025-12-10T22:35:43.762512,0.325,0.675,1.0
2025-12-10T22:35:44.424544,0.335,0.665,1.0
2025-12-10T22:35:45.058584,0.335,0.665,1.0
2025-12-10T22:35:45.784057,0.335,0.665,1.0
2025-12-10T22:35:46.402883,0.335,0.665,1.0
2025-12-10T22:35:47.042083,0.33,0.67,1.0
2025-12-10T22:35:47.659403,0.33,0.67,1.0
2025-12-10T22:35:48.285705,0.325,0.675,1.0
2025-12-10T22:35:48.923864,0.325,0.675,1.0
2025-12-10T22:35:49.551686,0.345,0.655,1.0
2025-12-10T22:35:50.174833,0.365,0.635,1.0
2025-12-10T22:35:50.806726,0.365,0.635,1.0
2025-12-10T22:35:51.424032,0.365,0.635,1.0
2025-12-10T22:35:52.074476,0.375,0.625,1.0
2025-12-10T22:35:52.735498,0.375,0.615,0.99
2025-12-10T22:35:53.376295,0.385,0.615,1.0
2025-12-10T22:35:54.031411,0.385,0.615,1.0
2025-12-10T22:35:54.732046,0.395,0.605,1.0
2025-12-10T22:35:55.358061,0.4,0.595,0.995
2025-12-10T22:35:55.967295,0.405,0.585,0.99
2025-12-10T22:35:56.584756,0.415,0.585,1.0
2025-12-10T22:35:57.204497,0.415,0.585,1.0
2025-12-10T22:35:57.851430,0.415,0.585,1.0
2025-12-10T22:35:58.463836,0.425,0.575,1.0
2025-12-10T22:35:59.091236,0.435,0.565,1.0
2025-12-10T22:35:59.742348,0.435,0.565,1.0
2025-12-10T22:36:00.356964,0.445,0.555,1.0
2025-12-10T22:36:00.988613,0.455,0.545,1.0
2025-12-10T22:36:01.635634,0.455,0.545,1.0
2025-12-10T22:36:02.281348,0.455,0.545,1.0
2025-12-10T22:36:02.930497,0.455,0.545,1.0
2025-12-10T22:36:03.558103,0.455,0.545,1.0
2025-12-10T22:36:04.182174,0.455,0.545,1.0
2025-12-10T22:36:04.835173,0.455,0.535,0.99
2025-12-10T22:36:05.482410,0.465,0.535,1.0
2025-12-10T22:36:06.130539,0.465,0.535,1.0
2025-12-10T22:36:06.757233,0.465,0.535,1.0
2025-12-10T22:36:05.749867,0.455,0.545,1.0
2025-12-10T22:36:06.393031,0.44,0.56,1.0
2025-12-10T22:36:07.033341,0.445,0.545,0.99
2025-12-10T22:36:07.668565,0.485,0.515,1.0
2025-12-10T22:36:08.323419,0.48,0.52,1.0
2025-12-10T22:36:08.959248,0.475,0.525,1.0
2025-12-10T22:36:09.590197,0.475,0.525,1.0
2025-12-10T22:36:10.237331,0.465,0.535,1.0
2025-12-10T22:36:10.870207,0.475,0.525,1.0
2025-12-10T22:36:11.516658,0.475,0.525,1.0
2025-12-10T22:36:12.203259,0.475,0.525,1.0
2025-12-10T22:36:12.913046,0.475,0.525,1.0
2025-12-10T22:36:13.549432,0.485,0.525,1.01
2025-12-10T22:36:14.170593,0.485,0.515,1.0
2025-12-10T22:36:14.805568,0.495,0.505,1.0
2025-12-10T22:36:15.443587,0.495,0.505,1.0
2025-12-10T22:36:16.085269,0.485,0.515,1.0
2025-12-10T22:36:16.714671,0.5,0.5,1.0
2025-12-10T22:36:17.326839,0.505,0.5,1.005
2025-12-10T22:36:17.948545,0.505,0.495,1.0
2025-12-10T22:36:18.577790,0.505,0.495,1.0
2025-12-10T22:36:19.244577,0.505,0.485,0.99
2025-12-10T22:36:19.884789,0.525,0.47,0.995
2025-12-10T22:36:20.512566,0.535,0.475,1.01
2025-12-10T22:36:21.138970,0.53,0.475,1.005
2025-12-10T22:36:21.785954,0.535,0.465,1.0
2025-12-10T22:36:22.403391,0.535,0.47,1.005
2025-12-10T22:36:23.034812,0.525,0.475,1.0
2025-12-10T22:36:23.677295,0.52,0.48,1.0
2025-12-10T22:36:24.313483,0.525,0.475,1.0
2025-12-10T22:36:25.036124,0.53,0.47,1.0
2025-12-10T22:36:25.720292,0.525,0.475,1.0
2025-12-10T22:36:26.352037,0.53,0.47,1.0
2025-12-10T22:36:26.984041,0.535,0.47,1.005
2025-12-10T22:36:27.639540,0.53,0.47,1.0
2025-12-10T22:36:28.252222,0.53,0.47,1.0
2025-12-10T22:36:28.881019,0.525,0.47,0.995
2025-12-10T22:36:29.512455,0.53,0.47,1.0
2025-12-10T22:36:30.151685,0.535,0.465,1.0
2025-12-10T22:36:30.791925,0.525,0.475,1.0
2025-12-10T22:36:31.446434,0.52,0.485,1.005
2025-12-10T22:36:32.091458,0.525,0.475,1.0
2025-12-10T22:36:32.731878,0.515,0.485,1.0
2025-12-10T22:36:33.363523,0.525,0.475,1.0
2025-12-10T22:36:33.985158,0.515,0.485,1.0
2025-12-10T22:36:34.620743,0.515,0.485,1.0
2025-12-10T22:36:35.292091,0.515,0.495,1.01
2025-12-10T22:36:35.922612,0.505,0.495,1.0
2025-12-10T22:36:36.547702,0.505,0.495,1.0
2025-12-10T22:36:37.188005,0.505,0.495,1.0
2025-12-10T22:36:36.181201,0.505,0.495,1.0
2025-12-10T22:36:36.827455,0.505,0.495,1.0
2025-12-10T22:36:37.498977,0.485,0.515,1.0
2025-12-10T22:36:38.124001,0.485,0.515,1.0
2025-12-10T22:36:38.756658,0.495,0.5,0.995
2025-12-10T22:36:39.396546,0.505,0.495,1.0
2025-12-10T22:36:40.053189,0.5,0.5,1.0
2025-12-10T22:36:40.675676,0.5,0.5,1.0
2025-12-10T22:36:41.321057,0.5,0.5,1.0
2025-12-10T22:36:41.955947,0.5,0.5,1.0
2025-12-10T22:36:42.720104,0.5,0.495,0.995
2025-12-10T22:36:43.366434,0.505,0.49,0.995
2025-12-10T22:36:44.049295,0.515,0.485,1.0
2025-12-10T22:36:44.696197,0.515,0.485,1.0
2025-12-10T22:36:45.423055,0.515,0.485,1.0
2025-12-10T22:36:46.046761,0.505,0.495,1.0
2025-12-10T22:36:46.699611,0.515,0.485,1.0
2025-12-10T22:36:47.342308,0.505,0.495,1.0
2025-12-10T22:36:47.966878,0.505,0.495,1.0
2025-12-10T22:36:48.615030,0.53,0.465,0.9950000000000001
2025-12-10T22:36:49.249404,0.545,0.455,1.0
2025-12-10T22:36:49.873325,0.535,0.465,1.0
2025-12-10T22:36:50.506614,0.525,0.47,0.995
2025-12-10T22:36:51.176461,0.52,0.48,1.0
2025-12-10T22:36:51.835873,0.535,0.47,1.005
2025-12-10T22:36:52.456847,0.53,0.47,1.0
2025-12-10T22:36:53.088254,0.535,0.465,1.0
2025-12-10T22:36:53.781106,0.545,0.455,1.0
2025-12-10T22:36:54.402019,0.545,0.455,1.0
2025-12-10T22:36:55.032479,0.555,0.445,1.0
2025-12-10T22:36:55.672543,0.565,0.435,1.0
2025-12-10T22:36:56.306546,0.555,0.445,1.0
2025-12-10T22:36:56.953039,0.545,0.455,1.0
2025-12-10T22:36:57.595933,0.535,0.465,1.0
2025-12-10T22:36:58.230496,0.53,0.47,1.0
2025-12-10T22:36:58.842380,0.53,0.465,0.9950000000000001
2025-12-10T22:36:59.510255,0.535,0.47,1.005
2025-12-10T22:37:00.142402,0.535,0.465,1.0
2025-12-10T22:37:00.789782,0.535,0.465,1.0
2025-12-10T22:37:01.461693,0.535,0.465,1.0
2025-12-10T22:37:02.178722,0.525,0.475,1.0
2025-12-10T22:37:02.861384,0.515,0.485,1.0
2025-12-10T22:37:03.547691,0.495,0.505,1.0
2025-12-10T22:37:04.252498,0.505,0.49,0.995
2025-12-10T22:37:04.887642,0.525,0.475,1.0
2025-12-10T22:37:05.523114,0.525,0.475,1.0
2025-12-10T22:37:06.154873,0.545,0.455,1.0
2025-12-10T22:37:06.796537,0.545,0.44,0.9850000000000001
2025-12-10T22:37:07.468432,0.565,0.435,1.0
2025-12-10T22:37:06.437584,0.565,0.435,1.0
2025-12-10T22:37:07.131738,0.57,0.43,1.0
2025-12-10T22:37:07.904537,0.56,0.445,1.0050000000000001
2025-12-10T22:37:08.540082,0.555,0.445,1.0
2025-12-10T22:37:09.176808,0.555,0.445,1.0
2025-12-10T22:37:09.823474,0.545,0.465,1.01
2025-12-10T22:37:10.453023,0.53,0.47,1.0
2025-12-10T22:37:11.098655,0.53,0.47,1.0
2025-12-10T22:37:11.720126,0.535,0.465,1.0
2025-12-10T22:37:12.356214,0.535,0.465,1.0
2025-12-10T22:37:12.979403,0.535,0.465,1.0
2025-12-10T22:37:13.658306,0.535,0.465,1.0
2025-12-10T22:37:14.275225,0.53,0.47,1.0
2025-12-10T22:37:14.919862,0.53,0.47,1.0
2025-12-10T22:37:15.554989,0.525,0.475,1.0
2025-12-10T22:37:16.190007,0.525,0.475,1.0
2025-12-10T22:37:16.821966,0.525,0.475,1.0
2025-12-10T22:37:17.470029,0.525,0.475,1.0
2025-12-10T22:37:18.115989,0.545,0.455,1.0
2025-12-10T22:37:18.732964,0.545,0.455,1.0
2025-12-10T22:37:19.371649,0.54,0.46,1.0
2025-12-10T22:37:20.011070,0.54,0.455,0.9950000000000001
2025-12-10T22:37:20.644496,0.54,0.46,1.0
2025-12-10T22:37:21.277850,0.535,0.465,1.0
2025-12-10T22:37:21.959346,0.535,0.465,1.0
2025-12-10T22:37:22.598317,0.535,0.465,1.0
2025-12-10T22:37:23.236624,0.545,0.455,1.0
2025-12-10T22:37:23.873036,0.555,0.445,1.0
2025-12-10T22:37:24.519508,0.555,0.45,1.0050000000000001
2025-12-10T22:37:25.151663,0.55,0.45,1.0
2025-12-10T22:37:25.797173,0.55,0.45,1.0
2025-12-10T22:37:26.442743,0.55,0.45,1.0
2025-12-10T22:37:27.054182,0.55,0.45,1.0
2025-12-10T22:37:27.670104,0.55,0.45,1.0
2025-12-10T22:37:28.316044,0.555,0.445,1.0
2025-12-10T22:37:28.959506,0.565,0.435,1.0
2025-12-10T22:37:29.638142,0.565,0.435,1.0
2025-12-10T22:37:30.322235,0.575,0.425,1.0
2025-12-10T22:37:30.994577,0.575,0.42,0.9949999999999999
2025-12-10T22:37:31.653240,0.585,0.415,1.0
2025-12-10T22:37:32.289943,0.59,0.405,0.995
2025-12-10T22:37:32.942262,0.595,0.405,1.0
2025-12-10T22:37:33.589300,0.585,0.415,1.0
2025-12-10T22:37:34.240519,0.585,0.415,1.0
2025-12-10T22:37:34.872818,0.575,0.425,1.0
2025-12-10T22:37:35.525976,0.575,0.425,1.0
2025-12-10T22:37:36.159602,0.575,0.425,1.0
2025-12-10T22:37:36.823167,0.575,0.425,1.0
2025-12-10T22:37:37.464076,0.575,0.425,1.0
2025-12-10T22:37:38.114257,0.575,0.425,1.0
2025-12-10T22:37:37.070626,0.575,0.425,1.0
2025-12-10T22:37:37.706679,0.575,0.425,1.0
2025-12-10T22:37:38.359200,0.585,0.415,1.0
2025-12-10T22:37:38.983655,0.595,0.405,1.0
2025-12-10T22:37:39.601268,0.605,0.395,1.0
2025-12-10T22:37:40.259919,0.605,0.395,1.0
2025-12-10T22:37:40.879636,0.615,0.385,1.0
2025-12-10T22:37:41.519548,0.615,0.385,1.0
2025-12-10T22:37:42.152304,0.615,0.385,1.0
2025-12-10T22:37:42.771335,0.62,0.375,0.995
2025-12-10T22:37:43.409215,0.625,0.375,1.0
2025-12-10T22:37:44.020487,0.635,0.365,1.0
2025-12-10T22:37:44.636221,0.65,0.35,1.0
2025-12-10T22:37:45.267254,0.655,0.345,1.0
2025-12-10T22:37:45.899641,0.665,0.335,1.0
2025-12-10T22:37:46.544008,0.665,0.325,0.99
2025-12-10T22:37:47.177780,0.685,0.315,1.0
2025-12-10T22:37:47.796535,0.695,0.31,1.005
2025-12-10T22:37:48.421257,0.705,0.295,1.0
2025-12-10T22:37:49.047891,0.715,0.285,1.0
2025-12-10T22:37:49.706866,0.715,0.285,1.0
2025-12-10T22:37:50.352625,0.725,0.275,1.0
2025-12-10T22:37:51.005263,0.73,0.27,1.0
2025-12-10T22:37:51.652273,0.725,0.255,0.98
2025-12-10T22:37:52.272816,0.735,0.265,1.0
2025-12-10T22:37:52.886523,0.755,0.245,1.0
2025-12-10T22:37:53.503603,0.755,0.245,1.0
2025-12-10T22:37:54.140151,0.765,0.235,1.0
2025-12-10T22:37:54.782602,0.755,0.245,1.0
2025-12-10T22:37:55.399364,0.76,0.235,0.995
2025-12-10T22:37:56.045367,0.765,0.225,0.99
2025-12-10T22:37:56.731872,0.77,0.23,1.0
2025-12-10T22:37:57.355305,0.765,0.235,1.0
2025-12-10T22:37:57.979221,0.77,0.23,1.0
2025-12-10T22:37:58.616236,0.765,0.235,1.0
2025-12-10T22:37:59.270202,0.77,0.23,1.0
2025-12-10T22:37:59.907094,0.76,0.24,1.0
2025-12-10T22:38:00.527936,0.75,0.25,1.0
2025-12-10T22:38:01.156292,0.745,0.255,1.0
2025-12-10T22:38:01.796622,0.745,0.255,1.0
2025-12-10T22:38:02.443839,0.76,0.24,1.0
2025-12-10T22:38:03.127481,0.755,0.245,1.0
2025-12-10T22:38:03.858977,0.775,0.225,1.0
2025-12-10T22:38:04.593435,0.785,0.21,0.995
2025-12-10T22:38:05.336140,0.805,0.195,1.0
2025-12-10T22:38:05.990724,0.805,0.195,1.0
2025-12-10T22:38:06.651260,0.815,0.19,1.005
2025-12-10T22:38:07.298860,0.805,0.195,1.0
2025-12-10T22:38:07.947732,0.795,0.2,0.9950000000000001
2025-12-10T22:38:08.610839,0.805,0.195,1.0
2025-12-10T22:38:07.666566,0.795,0.205,1.0
2025-12-10T22:38:08.322353,0.795,0.205,1.0
2025-12-10T22:38:08.986299,0.805,0.195,1.0
2025-12-10T22:38:09.632721,0.805,0.195,1.0
2025-12-10T22:38:10.289434,0.805,0.195,1.0
2025-12-10T22:38:10.999756,0.805,0.195,1.0
2025-12-10T22:38:11.683646,0.805,0.195,1.0
2025-12-10T22:38:12.312098,0.8,0.2,1.0
2025-12-10T22:38:12.949797,0.805,0.195,1.0
2025-12-10T22:38:13.580417,0.805,0.195,1.0
2025-12-10T22:38:14.219164,0.795,0.205,1.0
2025-12-10T22:38:15.001513,0.815,0.195,1.01
2025-12-10T22:38:15.655914,0.8,0.2,1.0
2025-12-10T22:38:16.287586,0.81,0.19,1.0
2025-12-10T22:38:16.938153,0.815,0.185,1.0
2025-12-10T22:38:17.580680,0.815,0.185,1.0
2025-12-10T22:38:18.213905,0.82,0.18,1.0
2025-12-10T22:38:18.871349,0.815,0.185,1.0
2025-12-10T22:38:19.518828,0.81,0.19,1.0
2025-12-10T22:38:20.140340,0.81,0.19,1.0
2025-12-10T22:38:20.783655,0.81,0.19,1.0
2025-12-10T22:38:21.422664,0.81,0.19,1.0
2025-12-10T22:38:22.056890,0.81,0.19,1.0
2025-12-10T22:38:22.695928,0.81,0.19,1.0
2025-12-10T22:38:23.309920,0.815,0.185,1.0
2025-12-10T22:38:23.964262,0.82,0.18,1.0
2025-12-10T22:38:24.603904,0.825,0.175,1.0
2025-12-10T22:38:25.223212,0.825,0.18,1.005
2025-12-10T22:38:25.918530,0.825,0.175,1.0
2025-12-10T22:38:26.548803,0.835,0.165,1.0
2025-12-10T22:38:27.178617,0.845,0.155,1.0
2025-12-10T22:38:27.829364,0.85,0.145,0.995
2025-12-10T22:38:28.466606,0.865,0.135,1.0
2025-12-10T22:38:29.081785,0.865,0.135,1.0
2025-12-10T22:38:29.704357,0.875,0.125,1.0
2025-12-10T22:38:30.319534,0.865,0.135,1.0
2025-12-10T22:38:30.975267,0.865,0.135,1.0
2025-12-10T22:38:31.600379,0.865,0.135,1.0
2025-12-10T22:38:32.219739,0.865,0.135,1.0
2025-12-10T22:38:32.834571,0.855,0.145,1.0
2025-12-10T22:38:33.490893,0.86,0.14,1.0
2025-12-10T22:38:34.129241,0.865,0.135,1.0
2025-12-10T22:38:34.744207,0.865,0.145,1.01
2025-12-10T22:38:35.360505,0.855,0.145,1.0
2025-12-10T22:38:35.985065,0.855,0.145,1.0
2025-12-10T22:38:36.618764,0.86,0.14,1.0
2025-12-10T22:38:37.256486,0.855,0.145,1.0
2025-12-10T22:38:37.878700,0.85,0.15,1.0
2025-12-10T22:38:38.505836,0.85,0.15,1.0
2025-12-10T22:38:39.140332,0.85,0.155,1.005
2025-12-10T22:38:38.150813,0.845,0.155,1.0
2025-12-10T22:38:38.799478,0.86,0.14,1.0
2025-12-10T22:38:39.418030,0.875,0.125,1.0
2025-12-10T22:38:40.035776,0.905,0.095,1.0
2025-12-10T22:38:40.680990,0.905,0.095,1.0
2025-12-10T22:38:41.312202,0.915,0.085,1.0
2025-12-10T22:38:41.965089,0.915,0.085,1.0
2025-12-10T22:38:42.587595,0.92,0.08,1.0
2025-12-10T22:38:43.225103,0.92,0.08,1.0
2025-12-10T22:38:43.854415,0.92,0.08,1.0
2025-12-10T22:38:44.484295,0.915,0.085,1.0
2025-12-10T22:38:45.109690,0.915,0.085,1.0
2025-12-10T22:38:45.727229,0.925,0.075,1.0
2025-12-10T22:38:46.362715,0.925,0.075,1.0
2025-12-10T22:38:46.975917,0.925,0.075,1.0
2025-12-10T22:38:47.587670,0.925,0.075,1.0
2025-12-10T22:38:48.201582,0.925,0.075,1.0
2025-12-10T22:38:48.831760,0.925,0.075,1.0
2025-12-10T22:38:49.477543,0.915,0.085,1.0
2025-12-10T22:38:50.110157,0.915,0.085,1.0
2025-12-10T22:38:50.748358,0.915,0.09,1.0050000000000001
2025-12-10T22:38:51.376129,0.895,0.105,1.0
2025-12-10T22:38:52.011301,0.895,0.105,1.0
2025-12-10T22:38:52.638706,0.895,0.105,1.0
2025-12-10T22:38:53.267565,0.895,0.105,1.0
2025-12-10T22:38:53.882260,0.925,0.075,1.0
2025-12-10T22:38:54.504384,0.925,0.075,1.0
2025-12-10T22:38:55.126062,0.915,0.085,1.0
2025-12-10T22:38:55.763828,0.915,0.085,1.0
2025-12-10T22:38:56.406607,0.915,0.085,1.0
2025-12-10T22:38:57.033792,0.915,0.085,1.0
2025-12-10T22:38:57.679008,0.915,0.085,1.0
2025-12-10T22:38:58.304218,0.915,0.085,1.0
2025-12-10T22:38:58.947829,0.915,0.085,1.0
2025-12-10T22:38:59.586579,0.915,0.085,1.0
2025-12-10T22:39:00.232168,0.915,0.085,1.0
2025-12-10T22:39:00.874349,0.915,0.085,1.0
2025-12-10T22:39:01.533153,0.915,0.085,1.0
2025-12-10T22:39:02.211505,0.91,0.095,1.0050000000000001
2025-12-10T22:39:02.833227,0.905,0.095,1.0
2025-12-10T22:39:03.465875,0.905,0.095,1.0
2025-12-10T22:39:04.131137,0.905,0.095,1.0
2025-12-10T22:39:04.758067,0.905,0.095,1.0
2025-12-10T22:39:05.390334,0.905,0.095,1.0
2025-12-10T22:39:06.026193,0.905,0.095,1.0
2025-12-10T22:39:06.635869,0.915,0.085,1.0
2025-12-10T22:39:07.277969,0.905,0.095,1.0
2025-12-10T22:39:07.918692,0.895,0.115,1.01
2025-12-10T22:39:08.607229,0.885,0.11,0.995
2025-12-10T22:39:09.282528,0.885,0.115,1.0
2025-12-10T22:39:09.969538,0.89,0.11,1.0
2025-12-10T22:39:08.962440,0.895,0.105,1.0
2025-12-10T22:39:09.599639,0.885,0.115,1.0
2025-12-10T22:39:10.227917,0.885,0.115,1.0
2025-12-10T22:39:10.865981,0.875,0.125,1.0
2025-12-10T22:39:11.609684,0.885,0.115,1.0
2025-12-10T22:39:12.228413,0.895,0.105,1.0
2025-12-10T22:39:12.865935,0.895,0.105,1.0
2025-12-10T22:39:13.494513,0.895,0.105,1.0
2025-12-10T22:39:14.117823,0.895,0.105,1.0
2025-12-10T22:39:14.752634,0.895,0.105,1.0
2025-12-10T22:39:15.404916,0.89,0.11,1.0
2025-12-10T22:39:16.021490,0.89,0.11,1.0
2025-12-10T22:39:16.655381,0.89,0.11,1.0
2025-12-10T22:39:17.293198,0.89,0.11,1.0
2025-12-10T22:39:17.919649,0.89,0.11,1.0
2025-12-10T22:39:18.594481,0.89,0.11,1.0
2025-12-10T22:39:19.232046,0.89,0.11,1.0
2025-12-10T22:39:19.868076,0.905,0.095,1.0
2025-12-10T22:39:20.503645,0.915,0.085,1.0
2025-12-10T22:39:21.147777,0.915,0.085,1.0
2025-12-10T22:39:21.809795,0.915,0.085,1.0
2025-12-10T22:39:22.441379,0.915,0.085,1.0
2025-12-10T22:39:23.090620,0.915,0.085,1.0
2025-12-10T22:39:23.740077,0.915,0.085,1.0
2025-12-10T22:39:24.377823,0.905,0.095,1.0
2025-12-10T22:39:25.015368,0.905,0.095,1.0
2025-12-10T22:39:25.684525,0.905,0.095,1.0
2025-12-10T22:39:26.326600,0.905,0.095,1.0
2025-12-10T22:39:26.961002,0.905,0.095,1.0
2025-12-10T22:39:27.577531,0.91,0.09,1.0
2025-12-10T22:39:28.198080,0.925,0.075,1.0
2025-12-10T22:39:28.822616,0.935,0.065,1.0
2025-12-10T22:39:29.462977,0.935,0.065,1.0
2025-12-10T22:39:30.103329,0.935,0.065,1.0
2025-12-10T22:39:30.724455,0.935,0.065,1.0
2025-12-10T22:39:31.349431,0.935,0.065,1.0
2025-12-10T22:39:31.958438,0.945,0.055,1.0
2025-12-10T22:39:32.583748,0.945,0.055,1.0
2025-12-10T22:39:33.218542,0.94,0.06,1.0
2025-12-10T22:39:33.841286,0.935,0.065,1.0
2025-12-10T22:39:34.480587,0.925,0.075,1.0
2025-12-10T22:39:35.097835,0.925,0.075,1.0
2025-12-10T22:39:35.754336,0.925,0.075,1.0
2025-12-10T22:39:36.406973,0.925,0.075,1.0
2025-12-10T22:39:37.043721,0.925,0.075,1.0
2025-12-10T22:39:37.671645,0.925,0.075,1.0
2025-12-10T22:39:38.297982,0.925,0.075,1.0
2025-12-10T22:39:38.931562,0.925,0.075,1.0
2025-12-10T22:39:39.539964,0.925,0.075,1.0
2025-12-10T22:39:40.264633,0.925,0.075,1.0
2025-12-10T22:39:40.995409,0.925,0.075,1.0
2025-12-10T22:39:40.002342,0.925,0.075,1.0
2025-12-10T22:39:40.679167,0.92,0.08,1.0
2025-12-10T22:39:41.388236,0.92,0.08,1.0
2025-12-10T22:39:42.096427,0.915,0.085,1.0
2025-12-10T22:39:42.719322,0.915,0.085,1.0
2025-12-10T22:39:43.344810,0.915,0.085,1.0
2025-12-10T22:39:43.996072,0.915,0.085,1.0
2025-12-10T22:39:44.694927,0.915,0.085,1.0
2025-12-10T22:39:45.322627,0.915,0.085,1.0
2025-12-10T22:39:45.956155,0.915,0.085,1.0
2025-12-10T22:39:46.593570,0.915,0.085,1.0
2025-12-10T22:39:47.236324,0.915,0.085,1.0
2025-12-10T22:39:47.878364,0.915,0.085,1.0
2025-12-10T22:39:48.500871,0.915,0.085,1.0
2025-12-10T22:39:49.121511,0.915,0.085,1.0
2025-12-10T22:39:49.734898,0.915,0.085,1.0
2025-12-10T22:39:50.385127,0.91,0.09,1.0
2025-12-10T22:39:51.056456,0.91,0.09,1.0
2025-12-10T22:39:51.694228,0.91,0.09,1.0
2025-12-10T22:39:52.319447,0.905,0.095,1.0
2025-12-10T22:39:52.983635,0.905,0.095,1.0
2025-12-10T22:39:53.642459,0.905,0.095,1.0
2025-12-10T22:39:54.280648,0.905,0.095,1.0
2025-12-10T22:39:54.961046,0.905,0.095,1.0
2025-12-10T22:39:55.648636,0.905,0.095,1.0
2025-12-10T22:39:56.321639,0.915,0.085,1.0
2025-12-10T22:39:56.971087,0.905,0.095,1.0
2025-12-10T22:39:57.600120,0.905,0.095,1.0
2025-12-10T22:39:58.233037,0.905,0.095,1.0
2025-12-10T22:39:58.859851,0.905,0.095,1.0
2025-12-10T22:39:59.500103,0.905,0.095,1.0
2025-12-10T22:40:00.256738,0.905,0.095,1.0
2025-12-10T22:40:00.937792,0.905,0.095,1.0
2025-12-10T22:40:01.569360,0.905,0.095,1.0
2025-12-10T22:40:02.192511,0.915,0.085,1.0
2025-12-10T22:40:02.815407,0.925,0.075,1.0
2025-12-10T22:40:03.438620,0.925,0.075,1.0
2025-12-10T22:40:04.061653,0.93,0.07,1.0
2025-12-10T22:40:04.686410,0.925,0.075,1.0
2025-12-10T22:40:05.337176,0.925,0.075,1.0
2025-12-10T22:40:05.964278,0.925,0.075,1.0
2025-12-10T22:40:06.606349,0.925,0.075,1.0
2025-12-10T22:40:07.237679,0.925,0.075,1.0
2025-12-10T22:40:07.862599,0.925,0.075,1.0
2025-12-10T22:40:08.512564,0.925,0.075,1.0
2025-12-10T22:40:09.221934,0.925,0.075,1.0
2025-12-10T22:40:09.848303,0.925,0.075,1.0
2025-12-10T22:40:10.479813,0.925,0.075,1.0
2025-12-10T22:40:11.104260,0.93,0.07,1.0
2025-12-10T22:40:10.052002,0.93,0.07,1.0
2025-12-10T22:40:10.679091,0.93,0.07,1.0
2025-12-10T22:40:11.340947,0.93,0.07,1.0
2025-12-10T22:40:11.975162,0.93,0.07,1.0
2025-12-10T22:40:12.621348,0.935,0.065,1.0
2025-12-10T22:40:13.244334,0.94,0.06,1.0
2025-12-10T22:40:13.881830,0.945,0.055,1.0
2025-12-10T22:40:14.516491,0.945,0.055,1.0
2025-12-10T22:40:15.148135,0.945,0.055,1.0
2025-12-10T22:40:15.767630,0.945,0.055,1.0
2025-12-10T22:40:16.405056,0.945,0.055,1.0
2025-12-10T22:40:17.017579,0.945,0.055,1.0
2025-12-10T22:40:17.633461,0.945,0.055,1.0
2025-12-10T22:40:18.270661,0.945,0.055,1.0
2025-12-10T22:40:18.933377,0.94,0.065,1.005
2025-12-10T22:40:19.599294,0.935,0.065,1.0
2025-12-10T22:40:20.229881,0.935,0.065,1.0
2025-12-10T22:40:20.861067,0.935,0.065,1.0
2025-12-10T22:40:21.509347,0.935,0.065,1.0
2025-12-10T22:40:22.144484,0.935,0.065,1.0
2025-12-10T22:40:22.793982,0.935,0.065,1.0
2025-12-10T22:40:23.425183,0.935,0.065,1.0
2025-12-10T22:40:24.053876,0.935,0.065,1.0
2025-12-10T22:40:24.772790,0.935,0.065,1.0
2025-12-10T22:40:25.412105,0.935,0.065,1.0
2025-12-10T22:40:26.056668,0.935,0.065,1.0
2025-12-10T22:40:26.691914,0.925,0.075,1.0
2025-12-10T22:40:27.333716,0.93,0.065,0.9950000000000001
2025-12-10T22:40:27.960171,0.935,0.065,1.0
2025-12-10T22:40:28.602323,0.935,0.065,1.0
2025-12-10T22:40:29.221875,0.935,0.065,1.0
2025-12-10T22:40:29.850995,0.935,0.065,1.0
2025-12-10T22:40:30.552022,0.935,0.065,1.0
2025-12-10T22:40:31.203610,0.935,0.065,1.0
2025-12-10T22:40:31.848906,0.935,0.065,1.0
2025-12-10T22:40:32.479111,0.935,0.065,1.0
2025-12-10T22:40:33.144227,0.935,0.065,1.0
2025-12-10T22:40:33.765468,0.92,0.075,0.995
2025-12-10T22:40:34.398846,0.93,0.07,1.0
2025-12-10T22:40:35.005979,0.93,0.075,1.0050000000000001
2025-12-10T22:40:35.628925,0.915,0.085,1.0
2025-12-10T22:40:36.255526,0.915,0.085,1.0
2025-12-10T22:40:36.874691,0.915,0.085,1.0
2025-12-10T22:40:37.492220,0.915,0.085,1.0
2025-12-10T22:40:38.117595,0.905,0.1,1.0050000000000001
2025-12-10T22:40:38.734310,0.895,0.105,1.0
2025-12-10T22:40:39.356085,0.895,0.105,1.0
2025-12-10T22:40:39.982406,0.9,0.1,1.0
2025-12-10T22:40:40.631509,0.905,0.095,1.0
2025-12-10T22:40:41.245186,0.905,0.095,1.0
2025-12-10T22:40:41.859969,0.885,0.115,1.0
2025-12-10T22:40:40.850688,0.89,0.11,1.0
2025-12-10T22:40:41.506696,0.895,0.105,1.0
2025-12-10T22:40:42.138291,0.895,0.11,1.0050000000000001
2025-12-10T22:40:42.767211,0.89,0.11,1.0
2025-12-10T22:40:43.395805,0.895,0.105,1.0
2025-12-10T22:40:44.044197,0.895,0.105,1.0
2025-12-10T22:40:44.707229,0.875,0.13,1.005
2025-12-10T22:40:45.344346,0.865,0.135,1.0
2025-12-10T22:40:45.969942,0.855,0.145,1.0
2025-12-10T22:40:46.605827,0.845,0.155,1.0
2025-12-10T22:40:47.242512,0.845,0.155,1.0
2025-12-10T22:40:47.890099,0.835,0.165,1.0
2025-12-10T22:40:48.528170,0.83,0.17,1.0
2025-12-10T22:40:49.161192,0.815,0.185,1.0
2025-12-10T22:40:49.809342,0.845,0.155,1.0
2025-12-10T22:40:50.472784,0.83,0.17,1.0
2025-12-10T22:40:51.114256,0.83,0.17,1.0
2025-12-10T22:40:51.756445,0.83,0.17,1.0
2025-12-10T22:40:52.376491,0.83,0.17,1.0
2025-12-10T22:40:53.038484,0.83,0.17,1.0
2025-12-10T22:40:53.781036,0.81,0.19,1.0
2025-12-10T22:40:54.414484,0.81,0.19,1.0
2025-12-10T22:40:55.060766,0.81,0.19,1.0
2025-12-10T22:40:55.691571,0.805,0.195,1.0
2025-12-10T22:40:56.352357,0.795,0.205,1.0
2025-12-10T22:40:57.014508,0.795,0.215,1.01
2025-12-10T22:40:57.653347,0.785,0.215,1.0
2025-12-10T22:40:58.309589,0.775,0.225,1.0
2025-12-10T22:40:58.932234,0.78,0.22,1.0
2025-12-10T22:40:59.554717,0.775,0.225,1.0
2025-12-10T22:41:00.233043,0.77,0.23,1.0
2025-12-10T22:41:00.883663,0.775,0.225,1.0
2025-12-10T22:41:01.563850,0.77,0.23,1.0
2025-12-10T22:41:02.192935,0.77,0.23,1.0
2025-12-10T22:41:02.887341,0.77,0.23,1.0
2025-12-10T22:41:03.614961,0.755,0.245,1.0
2025-12-10T22:41:04.270976,0.745,0.255,1.0
2025-12-10T22:41:04.959727,0.74,0.26,1.0
2025-12-10T22:41:05.645975,0.75,0.25,1.0
2025-12-10T22:41:06.354099,0.735,0.265,1.0
2025-12-10T22:41:06.992194,0.75,0.25,1.0
2025-12-10T22:41:07.681363,0.75,0.25,1.0
2025-12-10T22:41:08.341310,0.755,0.24,0.995
2025-12-10T22:41:08.980872,0.765,0.23,0.995
2025-12-10T22:41:09.631568,0.765,0.235,1.0
2025-12-10T22:41:10.376949,0.765,0.235,1.0
2025-12-10T22:41:11.072654,0.745,0.255,1.0
2025-12-10T22:41:11.704579,0.755,0.245,1.0
2025-12-10T22:41:12.333077,0.735,0.265,1.0
2025-12-10T22:41:11.293575,0.705,0.3,1.005
2025-12-10T22:41:11.927122,0.665,0.33,0.9950000000000001
2025-12-10T22:41:12.568811,0.65,0.35,1.0
2025-12-10T22:41:13.204864,0.645,0.365,1.01
2025-12-10T22:41:13.865597,0.625,0.375,1.0
2025-12-10T22:41:14.483930,0.615,0.385,1.0
2025-12-10T22:41:15.125402,0.62,0.385,1.005
2025-12-10T22:41:15.784090,0.64,0.37,1.01
2025-12-10T22:41:16.409762,0.625,0.375,1.0
2025-12-10T22:41:17.064184,0.625,0.36,0.985
2025-12-10T22:41:17.711065,0.65,0.355,1.005
2025-12-10T22:41:18.332421,0.645,0.355,1.0
2025-12-10T22:41:18.972363,0.64,0.345,0.985
2025-12-10T22:41:19.599954,0.64,0.36,1.0
2025-12-10T22:41:20.242848,0.645,0.355,1.0
2025-12-10T22:41:20.867337,0.65,0.35,1.0
2025-12-10T22:41:21.501030,0.675,0.325,1.0
2025-12-10T22:41:22.122754,0.705,0.295,1.0
2025-12-10T22:41:22.758144,0.715,0.285,1.0
2025-12-10T22:41:23.487238,0.715,0.29,1.005
2025-12-10T22:41:24.114865,0.71,0.29,1.0
2025-12-10T22:41:24.750991,0.705,0.295,1.0
2025-12-10T22:41:25.407426,0.7,0.3,1.0
2025-12-10T22:41:26.044672,0.7,0.3,1.0
2025-12-10T22:41:26.678004,0.715,0.29,1.005
2025-12-10T22:41:27.300984,0.71,0.29,1.0
2025-12-10T22:41:27.914886,0.725,0.275,1.0
2025-12-10T22:41:28.568960,0.725,0.275,1.0
2025-12-10T22:41:29.222076,0.735,0.265,1.0
2025-12-10T22:41:29.874618,0.725,0.28,1.005
2025-12-10T22:41:30.501811,0.745,0.27,1.0150000000000001
2025-12-10T22:41:31.129576,0.725,0.275,1.0
2025-12-10T22:41:31.746800,0.725,0.275,1.0
2025-12-10T22:41:32.442178,0.73,0.27,1.0
2025-12-10T22:41:33.069720,0.73,0.27,1.0
2025-12-10T22:41:33.679848,0.73,0.27,1.0
2025-12-10T22:41:34.350727,0.73,0.27,1.0
2025-12-10T22:41:34.991843,0.73,0.27,1.0
2025-12-10T22:41:35.631617,0.73,0.27,1.0
2025-12-10T22:41:36.279837,0.73,0.265,0.995
2025-12-10T22:41:36.900945,0.74,0.26,1.0
2025-12-10T22:41:37.539645,0.74,0.26,1.0
2025-12-10T22:41:38.180882,0.74,0.26,1.0
2025-12-10T22:41:38.813711,0.745,0.255,1.0
2025-12-10T22:41:39.461421,0.745,0.255,1.0
2025-12-10T22:41:40.185629,0.745,0.255,1.0
2025-12-10T22:41:40.813410,0.755,0.245,1.0
2025-12-10T22:41:41.440557,0.75,0.25,1.0
2025-12-10T22:41:42.114167,0.75,0.25,1.0
2025-12-10T22:41:42.764159,0.75,0.25,1.0
2025-12-10T22:41:41.742262,0.74,0.26,1.0
2025-12-10T22:41:42.351795,0.75,0.25,1.0
2025-12-10T22:41:42.970728,0.745,0.24,0.985
2025-12-10T22:41:43.618535,0.76,0.24,1.0
2025-12-10T22:41:44.325250,0.765,0.235,1.0
2025-12-10T22:41:45.018684,0.765,0.235,1.0
2025-12-10T22:41:45.684994,0.765,0.235,1.0
2025-12-10T22:41:46.356321,0.745,0.255,1.0
2025-12-10T22:41:47.039749,0.74,0.26,1.0
2025-12-10T22:41:47.763920,0.745,0.255,1.0
2025-12-10T22:41:48.463481,0.745,0.255,1.0
2025-12-10T22:41:49.193209,0.75,0.25,1.0
2025-12-10T22:41:49.846821,0.755,0.245,1.0
2025-12-10T22:41:50.513441,0.755,0.245,1.0
2025-12-10T22:41:51.200699,0.755,0.245,1.0
2025-12-10T22:41:51.866786,0.75,0.245,0.995
2025-12-10T22:41:52.532793,0.75,0.25,1.0
2025-12-10T22:41:53.202105,0.765,0.225,0.99
2025-12-10T22:41:53.825987,0.78,0.22,1.0
2025-12-10T22:41:54.441821,0.765,0.255,1.02
2025-12-10T22:41:55.071535,0.695,0.295,0.99
2025-12-10T22:41:55.703642,0.695,0.305,1.0
2025-12-10T22:41:56.359521,0.7,0.3,1.0
2025-12-10T22:41:56.990554,0.695,0.305,1.0
2025-12-10T22:41:57.649705,0.705,0.3,1.005
2025-12-10T22:41:58.274712,0.715,0.285,1.0
2025-12-10T22:41:58.887426,0.71,0.29,1.0
2025-12-10T22:41:59.509949,0.715,0.285,1.0
2025-12-10T22:42:00.135201,0.705,0.295,1.0
2025-12-10T22:42:00.785121,0.705,0.295,1.0
2025-12-10T22:42:01.404136,0.705,0.295,1.0
2025-12-10T22:42:02.026777,0.705,0.295,1.0
2025-12-10T22:42:02.680746,0.715,0.285,1.0
2025-12-10T22:42:03.294006,0.725,0.275,1.0
2025-12-10T22:42:03.909456,0.725,0.275,1.0
2025-12-10T22:42:04.572588,0.725,0.275,1.0
2025-12-10T22:42:05.187934,0.705,0.295,1.0
2025-12-10T22:42:05.812812,0.675,0.315,0.99
2025-12-10T22:42:06.466542,0.675,0.325,1.0
2025-12-10T22:42:07.089891,0.675,0.32,0.9950000000000001
2025-12-10T22:42:07.713538,0.695,0.305,1.0
2025-12-10T22:42:08.369360,0.685,0.315,1.0
2025-12-10T22:42:08.989530,0.69,0.31,1.0
2025-12-10T22:42:09.608175,0.69,0.31,1.0
2025-12-10T22:42:10.247812,0.695,0.305,1.0
2025-12-10T22:42:10.886510,0.69,0.31,1.0
2025-12-10T22:42:11.522967,0.69,0.31,1.0
2025-12-10T22:42:12.182027,0.705,0.295,1.0
2025-12-10T22:42:12.851592,0.705,0.295,1.0
2025-12-10T22:42:13.564159,0.695,0.31,1.005
2025-12-10T22:42:12.550863,0.685,0.315,1.0
2025-12-10T22:42:13.199334,0.685,0.315,1.0
2025-12-10T22:42:13.851288,0.695,0.305,1.0
2025-12-10T22:42:14.466650,0.745,0.255,1.0
2025-12-10T22:42:15.160992,0.81,0.195,1.0050000000000001
2025-12-10T22:42:15.816170,0.815,0.185,1.0
2025-12-10T22:42:16.455897,0.8,0.2,1.0
2025-12-10T22:42:17.107384,0.795,0.21,1.0050000000000001
2025-12-10T22:42:17.750577,0.795,0.205,1.0
2025-12-10T22:42:18.376619,0.785,0.215,1.0
2025-12-10T22:42:19.013220,0.785,0.215,1.0
2025-12-10T22:42:19.642790,0.78,0.22,1.0
2025-12-10T22:42:20.267647,0.785,0.215,1.0
2025-12-10T22:42:20.895055,0.785,0.215,1.0
2025-12-10T22:42:21.570377,0.79,0.21,1.0
2025-12-10T22:42:22.206093,0.79,0.21,1.0
2025-12-10T22:42:22.834098,0.825,0.175,1.0
2025-12-10T22:42:23.456990,0.835,0.15,0.985
2025-12-10T22:42:24.109703,0.85,0.15,1.0
2025-12-10T22:42:24.733849,0.85,0.155,1.005
2025-12-10T22:42:25.373767,0.855,0.145,1.0
2025-12-10T22:42:26.086019,0.845,0.15,0.995
2025-12-10T22:42:26.704782,0.845,0.155,1.0
2025-12-10T22:42:27.324885,0.845,0.155,1.0
2025-12-10T22:42:27.984884,0.845,0.155,1.0
2025-12-10T22:42:28.595215,0.845,0.155,1.0
2025-12-10T22:42:29.227534,0.845,0.155,1.0
2025-12-10T22:42:29.857892,0.845,0.155,1.0
2025-12-10T22:42:30.475607,0.85,0.15,1.0
2025-12-10T22:42:31.092590,0.85,0.15,1.0
2025-12-10T22:42:31.779996,0.845,0.155,1.0
2025-12-10T22:42:32.393888,0.815,0.18,0.9949999999999999
2025-12-10T22:42:33.022870,0.82,0.175,0.9949999999999999
2025-12-10T22:42:33.640263,0.815,0.185,1.0
2025-12-10T22:42:34.270856,0.815,0.185,1.0
2025-12-10T22:42:34.890049,0.795,0.205,1.0
2025-12-10T22:42:35.533204,0.785,0.215,1.0
2025-12-10T22:42:36.163133,0.745,0.245,0.99
2025-12-10T22:42:36.797199,0.725,0.275,1.0
2025-12-10T22:42:37.430267,0.715,0.285,1.0
2025-12-10T22:42:38.067595,0.72,0.28,1.0
2025-12-10T22:42:38.704379,0.705,0.295,1.0
2025-12-10T22:42:39.357662,0.69,0.31,1.0
2025-12-10T22:42:39.973875,0.665,0.335,1.0
2025-12-10T22:42:40.596371,0.675,0.325,1.0
2025-12-10T22:42:41.237948,0.655,0.36,1.0150000000000001
2025-12-10T22:42:41.856729,0.625,0.375,1.0
2025-12-10T22:42:42.476868,0.63,0.37,1.0
2025-12-10T22:42:43.122484,0.615,0.375,0.99
2025-12-10T22:42:43.764236,0.625,0.375,1.0
2025-12-10T22:42:44.407362,0.625,0.375,1.0
2025-12-10T22:42:43.399619,0.625,0.375,1.0
2025-12-10T22:42:44.047315,0.625,0.365,0.99
2025-12-10T22:42:44.674372,0.635,0.36,0.995
2025-12-10T22:42:45.338894,0.635,0.365,1.0
2025-12-10T22:42:46.015551,0.655,0.345,1.0
2025-12-10T22:42:46.639901,0.655,0.345,1.0
2025-12-10T22:42:47.303195,0.645,0.35,0.995
2025-12-10T22:42:47.987806,0.65,0.35,1.0
2025-12-10T22:42:48.697367,0.64,0.365,1.005
2025-12-10T22:42:49.347351,0.65,0.35,1.0
2025-12-10T22:42:50.070888,0.655,0.345,1.0
2025-12-10T22:42:50.727752,0.655,0.345,1.0
2025-12-10T22:42:51.434705,0.655,0.345,1.0
2025-12-10T22:42:52.082320,0.645,0.355,1.0
2025-12-10T22:42:52.818503,0.65,0.35,1.0
2025-12-10T22:42:53.469848,0.65,0.35,1.0
2025-12-10T22:42:54.131983,0.65,0.35,1.0
2025-12-10T22:42:54.766476,0.635,0.365,1.0
2025-12-10T22:42:55.430473,0.635,0.365,1.0
2025-12-10T22:42:56.085561,0.65,0.35,1.0
2025-12-10T22:42:56.728252,0.655,0.345,1.0
2025-12-10T22:42:57.461039,0.655,0.345,1.0
2025-12-10T22:42:58.138044,0.655,0.345,1.0
2025-12-10T22:42:58.757809,0.64,0.37,1.01
2025-12-10T22:42:59.411355,0.615,0.385,1.0
2025-12-10T22:43:00.056049,0.605,0.395,1.0
2025-12-10T22:43:00.691899,0.59,0.415,1.005
2025-12-10T22:43:01.319938,0.59,0.415,1.005
2025-12-10T22:43:01.958532,0.58,0.42,1.0
2025-12-10T22:43:02.635760,0.585,0.415,1.0
2025-12-10T22:43:03.328261,0.61,0.395,1.005
2025-12-10T22:43:03.957007,0.67,0.315,0.9850000000000001
2025-12-10T22:43:04.601012,0.71,0.29,1.0
2025-12-10T22:43:05.242987,0.73,0.27,1.0
2025-12-10T22:43:05.928953,0.745,0.265,1.01
2025-12-10T22:43:06.589910,0.755,0.245,1.0
2025-12-10T22:43:07.247339,0.755,0.25,1.005
2025-12-10T22:43:07.883828,0.75,0.25,1.0
2025-12-10T22:43:08.499879,0.75,0.25,1.0
2025-12-10T22:43:09.141597,0.755,0.245,1.0
2025-12-10T22:43:09.766896,0.755,0.245,1.0
2025-12-10T22:43:10.410221,0.755,0.245,1.0
2025-12-10T22:43:11.038921,0.76,0.24,1.0
2025-12-10T22:43:11.671146,0.755,0.245,1.0
2025-12-10T22:43:12.287119,0.755,0.245,1.0
2025-12-10T22:43:12.953959,0.755,0.245,1.0
2025-12-10T22:43:13.605273,0.755,0.245,1.0
2025-12-10T22:43:14.264627,0.755,0.245,1.0
2025-12-10T22:43:14.903075,0.765,0.235,1.0
2025-12-10T22:43:13.876912,0.75,0.25,1.0
2025-12-10T22:43:14.514926,0.75,0.25,1.0
2025-12-10T22:43:15.177758,0.745,0.255,1.0
2025-12-10T22:43:15.836846,0.755,0.245,1.0
2025-12-10T22:43:16.487051,0.745,0.255,1.0
2025-12-10T22:43:17.118746,0.76,0.24,1.0
2025-12-10T22:43:17.811972,0.765,0.235,1.0
2025-12-10T22:43:18.467476,0.765,0.235,1.0
2025-12-10T22:43:19.110056,0.77,0.23,1.0
2025-12-10T22:43:19.740544,0.76,0.24,1.0
2025-12-10T22:43:20.389784,0.75,0.25,1.0
2025-12-10T22:43:21.036371,0.765,0.235,1.0
2025-12-10T22:43:21.649930,0.735,0.265,1.0
2025-12-10T22:43:22.284964,0.755,0.245,1.0
2025-12-10T22:43:22.911590,0.77,0.225,0.995
2025-12-10T22:43:23.561184,0.775,0.225,1.0
2025-12-10T22:43:24.417347,0.775,0.225,1.0
2025-12-10T22:43:25.100643,0.78,0.215,0.995
2025-12-10T22:43:25.760853,0.835,0.165,1.0
2025-12-10T22:43:26.401997,0.84,0.155,0.995
2025-12-10T22:43:27.044465,0.845,0.155,1.0
2025-12-10T22:43:27.728913,0.79,0.21,1.0
2025-12-10T22:43:28.362913,0.785,0.215,1.0
2025-12-10T22:43:28.990304,0.785,0.215,1.0
2025-12-10T22:43:29.643158,0.785,0.215,1.0
2025-12-10T22:43:30.344574,0.78,0.22,1.0
2025-12-10T22:43:30.977667,0.775,0.225,1.0
2025-12-10T22:43:31.606690,0.765,0.235,1.0
2025-12-10T22:43:32.215917,0.765,0.235,1.0
2025-12-10T22:43:32.848673,0.77,0.235,1.005
2025-12-10T22:43:33.490428,0.765,0.235,1.0
2025-12-10T22:43:34.113647,0.765,0.235,1.0
2025-12-10T22:43:34.737978,0.75,0.255,1.005
2025-12-10T22:43:35.380529,0.735,0.265,1.0
2025-12-10T22:43:36.016398,0.71,0.29,1.0
2025-12-10T22:43:36.669569,0.71,0.29,1.0
2025-12-10T22:43:37.349506,0.705,0.295,1.0
2025-12-10T22:43:38.029621,0.705,0.295,1.0
2025-12-10T22:43:38.661204,0.705,0.295,1.0
2025-12-10T22:43:39.284959,0.705,0.295,1.0
2025-12-10T22:43:39.938308,0.705,0.295,1.0
2025-12-10T22:43:40.555095,0.705,0.295,1.0
2025-12-10T22:43:41.183094,0.705,0.295,1.0
2025-12-10T22:43:41.814323,0.705,0.305,1.01
2025-12-10T22:43:42.424388,0.68,0.32,1.0
2025-12-10T22:43:43.055516,0.665,0.335,1.0
2025-12-10T22:43:43.680674,0.66,0.355,1.0150000000000001
2025-12-10T22:43:44.302825,0.645,0.355,1.0
2025-12-10T22:43:44.931529,0.64,0.36,1.0
2025-12-10T22:43:45.572329,0.635,0.365,1.0
2025-12-10T22:43:44.559883,0.605,0.395,1.0
2025-12-10T22:43:45.191033,0.555,0.45,1.0050000000000001
2025-12-10T22:43:45.830244,0.51,0.49,1.0
2025-12-10T22:43:46.452109,0.515,0.49,1.005
2025-12-10T22:43:47.071513,0.505,0.495,1.0
2025-12-10T22:43:47.915344,0.5,0.495,0.995
2025-12-10T22:43:48.540173,0.515,0.485,1.0
2025-12-10T22:43:49.163771,0.505,0.495,1.0
2025-12-10T22:43:49.797930,0.495,0.505,1.0
2025-12-10T22:43:50.440914,0.495,0.505,1.0
2025-12-10T22:43:51.068718,0.495,0.505,1.0
2025-12-10T22:43:51.713745,0.5,0.5,1.0
2025-12-10T22:43:52.352395,0.495,0.505,1.0
2025-12-10T22:43:53.002998,0.49,0.51,1.0
2025-12-10T22:43:53.628450,0.495,0.505,1.0
2025-12-10T22:43:54.258050,0.505,0.495,1.0
2025-12-10T22:43:54.900112,0.525,0.475,1.0
2025-12-10T22:43:55.534149,0.53,0.47,1.0
2025-12-10T22:43:56.155335,0.545,0.455,1.0
2025-12-10T22:43:56.789618,0.56,0.435,0.9950000000000001
2025-12-10T22:43:57.422688,0.6,0.395,0.995
2025-12-10T22:43:58.060180,0.625,0.375,1.0
2025-12-10T22:43:58.710870,0.615,0.385,1.0
2025-12-10T22:43:59.365086,0.595,0.405,1.0
2025-12-10T22:43:59.989374,0.635,0.365,1.0
2025-12-10T22:44:00.680600,0.64,0.355,0.995
2025-12-10T22:44:01.302463,0.645,0.355,1.0
2025-12-10T22:44:01.929776,0.645,0.355,1.0
2025-12-10T22:44:02.642432,0.625,0.375,1.0
2025-12-10T22:44:03.344375,0.62,0.38,1.0
2025-12-10T22:44:03.991311,0.645,0.355,1.0
2025-12-10T22:44:04.615298,0.645,0.355,1.0
2025-12-10T22:44:05.275632,0.615,0.385,1.0
2025-12-10T22:44:05.916425,0.595,0.405,1.0
2025-12-10T22:44:06.543362,0.595,0.405,1.0
2025-12-10T22:44:07.170449,0.585,0.415,1.0
2025-12-10T22:44:07.798543,0.585,0.415,1.0
2025-12-10T22:44:08.424756,0.59,0.41,1.0
2025-12-10T22:44:09.043618,0.61,0.395,1.005
2025-12-10T22:44:09.702952,0.63,0.365,0.995
2025-12-10T22:44:10.394283,0.635,0.365,1.0
2025-12-10T22:44:11.085673,0.635,0.365,1.0
2025-12-10T22:44:11.752988,0.655,0.345,1.0
2025-12-10T22:44:12.372194,0.655,0.345,1.0
2025-12-10T22:44:13.010006,0.655,0.345,1.0
2025-12-10T22:44:13.643208,0.66,0.34,1.0
2025-12-10T22:44:14.297037,0.715,0.27,0.985
2025-12-10T22:44:14.948395,0.785,0.18,0.9650000000000001
2025-12-10T22:44:15.581354,0.84,0.16,1.0
2025-12-10T22:44:16.238469,0.855,0.145,1.0
2025-12-10T22:44:15.302270,0.875,0.12,0.995
2025-12-10T22:44:15.948832,0.885,0.115,1.0
2025-12-10T22:44:16.571679,0.865,0.135,1.0
2025-12-10T22:44:17.185716,0.895,0.105,1.0
2025-12-10T22:44:17.813364,0.91,0.075,0.985
2025-12-10T22:44:18.437907,0.945,0.055,1.0
2025-12-10T22:44:19.081999,0.94,0.06,1.0
2025-12-10T22:44:19.713274,0.945,0.05,0.995
2025-12-10T22:44:20.335250,0.94,0.065,1.005
2025-12-10T22:44:20.982023,0.94,0.06,1.0
2025-12-10T22:44:21.598239,0.94,0.06,1.0
2025-12-10T22:44:22.253292,0.94,0.06,1.0
2025-12-10T22:44:22.868326,0.93,0.07,1.0
2025-12-10T22:44:23.488443,0.925,0.08,1.0050000000000001
2025-12-10T22:44:24.110916,0.93,0.06,0.99
2025-12-10T22:44:24.737913,0.95,0.045,0.995
2025-12-10T22:44:25.368299,0.95,0.05,1.0
2025-12-10T22:44:26.007052,0.95,0.045,0.995
2025-12-10T22:44:26.630302,0.94,0.06,1.0
2025-12-10T22:44:27.253130,0.935,0.065,1.0
2025-12-10T22:44:27.877029,0.945,0.06,1.005
2025-12-10T22:44:28.497552,0.96,0.04,1.0
2025-12-10T22:44:29.201360,0.955,0.045,1.0
2025-12-10T22:44:29.822412,0.965,0.035,1.0
2025-12-10T22:44:30.449969,0.96,0.04,1.0
2025-12-10T22:44:31.097448,0.96,0.04,1.0
2025-12-10T22:44:31.726391,0.96,0.04,1.0
2025-12-10T22:44:32.355844,0.95,0.045,0.995
2025-12-10T22:44:33.024196,0.96,0.04,1.0
2025-12-10T22:44:33.658708,0.96,0.03,0.99
2025-12-10T22:44:34.331084,0.97,0.03,1.0
2025-12-10T22:44:34.955963,0.985,0.015,1.0
2025-12-10T22:44:35.569817,0.985,0.015,1.0
2025-12-10T22:44:36.177923,0.985,0.015,1.0
2025-12-10T22:44:36.801432,0.985,0.015,1.0
2025-12-10T22:44:37.425472,0.985,0.015,1.0
2025-12-10T22:44:38.057821,0.985,0.015,1.0
2025-12-10T22:44:38.671937,0.985,0.015,1.0
2025-12-10T22:44:39.288079,0.985,0.015,1.0
2025-12-10T22:44:39.927102,0.985,0.015,1.0
2025-12-10T22:44:40.562246,0.985,0.015,1.0
2025-12-10T22:44:41.188129,0.985,0.015,1.0
2025-12-10T22:44:41.825220,0.985,0.015,1.0
2025-12-10T22:44:42.466788,0.985,0.015,1.0
2025-12-10T22:44:43.099425,0.985,0.015,1.0
2025-12-10T22:44:43.764763,0.985,0.015,1.0
2025-12-10T22:44:44.414157,0.985,0.015,1.0
2025-12-10T22:44:45.039312,0.985,0.015,1.0
2025-12-10T22:44:45.708916,0.985,0.015,1.0
2025-12-10T22:44:46.347305,0.985,0.015,1.0
2025-12-10T22:44:45.303549,0.985,0.015,1.0
2025-12-10T22:44:45.989679,0.985,0.015,1.0
2025-12-10T22:44:46.727921,0.985,0.015,1.0
2025-12-10T22:44:47.362327,0.985,0.015,1.0
2025-12-10T22:44:47.998316,0.985,0.015,1.0
2025-12-10T22:44:48.649269,0.985,0.015,1.0
2025-12-10T22:44:49.301817,0.985,0.015,1.0
2025-12-10T22:44:49.958663,0.985,0.015,1.0
2025-12-10T22:44:50.592872,0.985,0.015,1.0
2025-12-10T22:44:51.233089,0.985,0.015,1.0
2025-12-10T22:44:51.871500,0.985,0.015,1.0
2025-12-10T22:44:52.553051,0.995,0.005,1.0
2025-12-10T22:44:53.167375,0.995,0.005,1.0
2025-12-10T22:44:53.799670,0.995,0.005,1.0
2025-12-10T22:44:54.428321,0.995,0.005,1.0
2025-12-10T22:44:55.048295,0.995,0.005,1.0
2025-12-10T22:44:55.676853,0.995,0.005,1.0
2025-12-10T22:44:56.307192,0.995,0.005,1.0
2025-12-10T22:44:57.047375,0.995,0.005,1.0
2025-12-10T22:44:57.804101,0.995,0.005,1.0
2025-12-10T22:44:58.434734,0.995,0.005,1.0
2025-12-10T22:44:59.087648,0.995,0.005,1.0
2025-12-10T22:44:59.762031,0.995,0.005,1.0
2025-12-10T22:45:00.398457,0.995,0.005,1.0
2025-12-10T22:45:01.051723,0.995,0.005,1.0
2025-12-10T22:45:01.664985,0.995,0.005,1.0
2025-12-10T22:45:02.301390,0.995,0.005,1.0
2025-12-10T22:45:02.944389,0.995,0.005,1.0
2025-12-10T22:45:03.593734,0.995,0.005,1.0
2025-12-10T22:45:04.294611,0.995,0.005,1.0
2025-12-10T22:45:04.914114,0.995,0.005,1.0
2025-12-10T22:45:05.589584,0.995,0.005,1.0
2025-12-10T22:45:06.262879,0.995,0.005,1.0
2025-12-10T22:45:06.894966,0.995,0.005,1.0
2025-12-10T22:45:07.542619,0.995,0.005,1.0
2025-12-10T22:45:08.167633,0.995,0.005,1.0
2025-12-10T22:45:08.789122,0.995,0.005,1.0
2025-12-10T22:45:09.424736,0.995,0.005,1.0
2025-12-10T22:45:10.050114,0.995,0.005,1.0
2025-12-10T22:45:10.674805,0.995,0.005,1.0
2025-12-10T22:45:11.322875,0.995,0.005,1.0
2025-12-10T22:45:11.962196,0.995,0.005,1.0
2025-12-10T22:45:12.596505,0.995,0.005,1.0
2025-12-10T22:45:13.225645,0.995,0.005,1.0
2025-12-10T22:45:13.860868,0.995,0.005,1.0
2025-12-10T22:45:14.482478,0.995,0.005,1.0
2025-12-10T22:45:15.111272,0.995,0.005,1.0
2025-12-10T22:45:15.741005,0.995,0.005,1.0
2025-12-10T22:45:16.379018,0.995,0.005,1.0
2025-12-10T22:45:17.006014,0.995,0.005,1.0
2025-12-10T22:45:15.976891,0.995,0.005,1.0
2025-12-10T22:45:16.621127,0.995,0.005,1.0
2025-12-10T22:45:17.237358,0.995,0.005,1.0
2025-12-10T22:45:17.847808,0.995,0.005,1.0
2025-12-10T22:45:18.465660,0.995,0.005,1.0
2025-12-10T22:45:19.099009,0.995,0.005,1.0
2025-12-10T22:45:19.733525,0.995,0.005,1.0
2025-12-10T22:45:20.355447,0.995,0.005,1.0
2025-12-10T22:45:20.999866,0.995,0.005,1.0
2025-12-10T22:45:21.635625,0.995,0.005,1.0
2025-12-10T22:45:22.282238,0.995,0.005,1.0
2025-12-10T22:45:22.909998,0.995,0.005,1.0
2025-12-10T22:45:23.540024,0.995,0.005,1.0
2025-12-10T22:45:24.166420,0.995,0.005,1.0
2025-12-10T22:45:24.806716,0.995,0.005,1.0
2025-12-10T22:45:25.470881,0.995,0.005,1.0
2025-12-10T22:45:26.164070,0.995,0.005,1.0
2025-12-10T22:45:26.801504,0.995,0.005,1.0
2025-12-10T22:45:27.440325,0.995,0.005,1.0
2025-12-10T22:45:28.112637,0.995,0.005,1.0
2025-12-10T22:45:28.772518,0.995,0.005,1.0
2025-12-10T22:45:29.429366,0.995,0.005,1.0
2025-12-10T22:45:30.099115,0.995,0.005,1.0
2025-12-10T22:45:30.810404,0.995,0.005,1.0
2025-12-10T22:45:31.439796,0.995,0.005,1.0
2025-12-10T22:45:32.128663,0.995,0.005,1.0
2025-12-10T22:45:32.829397,0.995,0.005,1.0
2025-12-10T22:45:33.490703,0.995,0.005,1.0
2025-12-10T22:45:34.139893,0.995,0.005,1.0
2025-12-10T22:45:34.790565,0.995,0.005,1.0
2025-12-10T22:45:35.461091,0.995,0.005,1.0
2025-12-10T22:45:36.107555,0.995,0.005,1.0
2025-12-10T22:45:36.751386,0.995,0.005,1.0
2025-12-10T22:45:37.386095,0.995,0.005,1.0
2025-12-10T22:45:38.025507,0.995,0.005,1.0
2025-12-10T22:45:38.704425,0.995,0.005,1.0
2025-12-10T22:45:39.362340,0.995,0.005,1.0
2025-12-10T22:45:40.009297,0.995,0.005,1.0
2025-12-10T22:45:40.769669,0.995,0.005,1.0
2025-12-10T22:45:41.410170,0.995,0.005,1.0
2025-12-10T22:45:42.048734,0.995,0.005,1.0
2025-12-10T22:45:42.742119,0.995,0.005,1.0
2025-12-10T22:45:43.485881,0.995,0.005,1.0
2025-12-10T22:45:44.149289,0.995,0.005,1.0
2025-12-10T22:45:44.875522,0.995,0.005,1.0
2025-12-10T22:45:45.519857,0.995,0.005,1.0
2025-12-10T22:45:46.169402,0.995,0.005,1.0
2025-12-10T22:45:46.802851,0.995,0.005,1.0
2025-12-10T22:45:47.422021,0.995,0.005,1.0
2025-12-10T22:45:48.044133,0.995,0.005,1.0
2025-12-10T22:45:47.012802,0.995,0.005,1.0
2025-12-10T22:45:47.637321,0.995,0.005,1.0
2025-12-10T22:45:48.256486,0.995,0.005,1.0
2025-12-10T22:45:48.884325,0.995,0.005,1.0
2025-12-10T22:45:49.536551,0.995,0.005,1.0
2025-12-10T22:45:50.154648,0.995,0.005,1.0
2025-12-10T22:45:50.810537,0.995,0.005,1.0
2025-12-10T22:45:51.448530,0.995,0.005,1.0
2025-12-10T22:45:52.068794,0.995,0.005,1.0
2025-12-10T22:45:52.766712,0.995,0.005,1.0
2025-12-10T22:45:53.381630,0.995,0.005,1.0
2025-12-10T22:45:54.012653,0.995,0.005,1.0
2025-12-10T22:45:54.676006,0.995,0.005,1.0
2025-12-10T22:45:55.319964,0.995,0.005,1.0
2025-12-10T22:45:55.925727,0.995,0.005,1.0
2025-12-10T22:45:56.565562,0.995,0.005,1.0
2025-12-10T22:45:57.205231,0.995,0.005,1.0
2025-12-10T22:45:57.920509,0.995,0.005,1.0
2025-12-10T22:45:58.645873,0.995,0.005,1.0
2025-12-10T22:45:59.309923,0.995,0.005,1.0
2025-12-10T22:45:59.976173,0.995,0.005,1.0
