timestamp,price_yes,price_no,sum_prices
2025-12-12T18:32:25.630898,0.745,0.255,1.0
2025-12-12T18:32:26.247673,0.745,0.255,1.0
2025-12-12T18:32:26.873262,0.755,0.245,1.0
2025-12-12T18:32:27.499879,0.735,0.265,1.0
2025-12-12T18:32:28.121523,0.745,0.255,1.0
2025-12-12T18:32:28.742951,0.745,0.255,1.0
2025-12-12T18:32:29.365246,0.735,0.265,1.0
2025-12-12T18:32:29.989150,0.735,0.265,1.0
2025-12-12T18:32:30.592687,0.73,0.27,1.0
2025-12-12T18:32:31.209987,0.73,0.27,1.0
2025-12-12T18:32:31.887966,0.735,0.265,1.0
2025-12-12T18:32:32.544906,0.735,0.26,0.995
2025-12-12T18:32:33.178034,0.735,0.265,1.0
2025-12-12T18:32:33.812694,0.735,0.265,1.0
2025-12-12T18:32:34.451969,0.735,0.265,1.0
2025-12-12T18:32:35.082761,0.735,0.265,1.0
2025-12-12T18:32:35.725798,0.735,0.265,1.0
2025-12-12T18:32:36.339768,0.735,0.265,1.0
2025-12-12T18:32:36.963570,0.735,0.265,1.0
2025-12-12T18:32:37.597379,0.745,0.255,1.0
2025-12-12T18:32:38.216251,0.745,0.255,1.0
2025-12-12T18:32:38.854692,0.745,0.255,1.0
2025-12-12T18:32:39.481580,0.745,0.25,0.995
2025-12-12T18:32:40.102650,0.755,0.245,1.0
2025-12-12T18:32:40.721283,0.76,0.24,1.0
2025-12-12T18:32:39.560927,0.755,0.24,0.995
2025-12-12T18:32:40.200302,0.765,0.235,1.0
2025-12-12T18:32:40.823768,0.755,0.245,1.0
2025-12-12T18:32:41.466300,0.745,0.255,1.0
2025-12-12T18:32:42.083976,0.745,0.255,1.0
2025-12-12T18:32:42.718499,0.75,0.25,1.0
2025-12-12T18:32:43.344638,0.745,0.255,1.0
2025-12-12T18:32:43.966958,0.75,0.245,0.995
2025-12-12T18:32:44.606773,0.765,0.235,1.0
2025-12-12T18:32:45.234434,0.765,0.235,1.0
2025-12-12T18:32:45.856071,0.77,0.23,1.0
2025-12-12T18:32:46.475179,0.775,0.225,1.0
2025-12-12T18:32:47.107243,0.775,0.225,1.0
2025-12-12T18:32:47.748005,0.775,0.225,1.0
2025-12-12T18:32:48.373503,0.765,0.235,1.0
2025-12-12T18:32:49.065585,0.765,0.235,1.0
2025-12-12T18:32:49.704924,0.765,0.235,1.0
2025-12-12T18:32:50.336888,0.765,0.235,1.0
2025-12-12T18:32:50.959676,0.77,0.23,1.0
2025-12-12T18:32:51.596236,0.765,0.24,1.005
2025-12-12T18:32:52.216802,0.755,0.245,1.0
2025-12-12T18:32:52.854483,0.75,0.25,1.0
2025-12-12T18:32:53.486934,0.75,0.25,1.0
2025-12-12T18:32:54.107366,0.75,0.25,1.0
2025-12-12T18:32:54.740880,0.75,0.25,1.0
2025-12-12T18:32:55.366247,0.75,0.25,1.0
2025-12-12T18:32:55.983214,0.75,0.255,1.005
2025-12-12T18:32:56.601462,0.75,0.25,1.0
2025-12-12T18:32:57.234647,0.765,0.235,1.0
2025-12-12T18:32:57.860805,0.77,0.23,1.0
2025-12-12T18:32:58.501849,0.77,0.23,1.0
2025-12-12T18:32:59.124446,0.775,0.225,1.0
2025-12-12T18:32:59.745635,0.785,0.215,1.0
2025-12-12T18:33:00.383185,0.785,0.215,1.0
2025-12-12T18:33:01.004303,0.785,0.215,1.0
2025-12-12T18:33:01.633694,0.795,0.205,1.0
2025-12-12T18:33:02.256671,0.805,0.195,1.0
2025-12-12T18:33:02.902659,0.805,0.195,1.0
2025-12-12T18:33:03.529524,0.795,0.205,1.0
2025-12-12T18:33:04.166942,0.81,0.19,1.0
2025-12-12T18:33:04.804747,0.81,0.19,1.0
2025-12-12T18:33:05.452192,0.815,0.185,1.0
2025-12-12T18:33:06.081071,0.81,0.19,1.0
2025-12-12T18:33:06.706130,0.795,0.205,1.0
2025-12-12T18:33:07.328576,0.785,0.215,1.0
2025-12-12T18:33:07.961252,0.785,0.215,1.0
2025-12-12T18:33:08.589302,0.795,0.205,1.0
2025-12-12T18:33:09.214390,0.805,0.195,1.0
2025-12-12T18:33:09.843508,0.805,0.195,1.0
2025-12-12T18:33:10.448549,0.805,0.195,1.0
2025-12-12T18:33:11.080222,0.805,0.195,1.0
2025-12-12T18:33:09.918545,0.805,0.195,1.0
2025-12-12T18:33:10.521457,0.815,0.185,1.0
2025-12-12T18:33:11.151565,0.815,0.185,1.0
2025-12-12T18:33:11.788506,0.81,0.19,1.0
2025-12-12T18:33:12.415074,0.805,0.195,1.0
2025-12-12T18:33:13.079669,0.815,0.185,1.0
2025-12-12T18:33:13.752770,0.81,0.19,1.0
2025-12-12T18:33:14.376672,0.805,0.195,1.0
2025-12-12T18:33:14.996731,0.8,0.2,1.0
2025-12-12T18:33:15.628921,0.805,0.195,1.0
2025-12-12T18:33:16.250075,0.81,0.19,1.0
2025-12-12T18:33:16.870288,0.805,0.195,1.0
2025-12-12T18:33:17.489035,0.81,0.19,1.0
2025-12-12T18:33:18.112016,0.81,0.19,1.0
2025-12-12T18:33:18.750040,0.825,0.175,1.0
2025-12-12T18:33:19.383537,0.835,0.165,1.0
2025-12-12T18:33:20.025240,0.815,0.185,1.0
2025-12-12T18:33:20.646468,0.805,0.195,1.0
2025-12-12T18:33:21.270252,0.8,0.2,1.0
2025-12-12T18:33:21.883334,0.8,0.2,1.0
2025-12-12T18:33:22.490624,0.8,0.2,1.0
2025-12-12T18:33:23.113164,0.805,0.195,1.0
2025-12-12T18:33:23.745834,0.795,0.205,1.0
2025-12-12T18:33:24.362798,0.795,0.205,1.0
2025-12-12T18:33:24.967449,0.805,0.195,1.0
2025-12-12T18:33:25.602019,0.805,0.195,1.0
2025-12-12T18:33:26.229873,0.805,0.195,1.0
2025-12-12T18:33:26.835179,0.825,0.18,1.005
2025-12-12T18:33:27.461186,0.825,0.175,1.0
2025-12-12T18:33:28.079081,0.825,0.175,1.0
2025-12-12T18:33:28.707694,0.825,0.175,1.0
2025-12-12T18:33:29.357366,0.825,0.175,1.0
2025-12-12T18:33:29.986650,0.835,0.165,1.0
2025-12-12T18:33:30.602182,0.845,0.155,1.0
2025-12-12T18:33:31.215288,0.845,0.155,1.0
2025-12-12T18:33:31.837677,0.845,0.155,1.0
2025-12-12T18:33:32.454112,0.855,0.145,1.0
2025-12-12T18:33:33.080984,0.855,0.145,1.0
2025-12-12T18:33:33.679356,0.855,0.145,1.0
2025-12-12T18:33:34.298172,0.845,0.155,1.0
2025-12-12T18:33:34.901515,0.845,0.155,1.0
2025-12-12T18:33:35.510149,0.835,0.165,1.0
2025-12-12T18:33:36.179498,0.835,0.165,1.0
2025-12-12T18:33:36.806295,0.84,0.16,1.0
2025-12-12T18:33:37.428719,0.84,0.16,1.0
2025-12-12T18:33:38.050558,0.84,0.16,1.0
2025-12-12T18:33:38.668956,0.845,0.155,1.0
2025-12-12T18:33:39.324683,0.84,0.155,0.995
2025-12-12T18:33:39.947322,0.84,0.155,0.995
2025-12-12T18:33:40.592379,0.845,0.145,0.99
2025-12-12T18:33:41.234014,0.855,0.145,1.0
2025-12-12T18:33:41.886576,0.855,0.15,1.005
2025-12-12T18:33:40.705982,0.85,0.15,1.0
2025-12-12T18:33:41.326828,0.855,0.145,1.0
2025-12-12T18:33:41.930235,0.865,0.135,1.0
2025-12-12T18:33:42.551338,0.865,0.135,1.0
2025-12-12T18:33:43.153897,0.86,0.14,1.0
2025-12-12T18:33:43.755841,0.86,0.14,1.0
2025-12-12T18:33:44.355112,0.855,0.145,1.0
2025-12-12T18:33:44.976443,0.855,0.14,0.995
2025-12-12T18:33:45.574377,0.865,0.135,1.0
2025-12-12T18:33:46.207776,0.865,0.135,1.0
2025-12-12T18:33:46.826570,0.865,0.135,1.0
2025-12-12T18:33:47.452155,0.87,0.13,1.0
2025-12-12T18:33:48.083975,0.875,0.125,1.0
2025-12-12T18:33:48.699388,0.875,0.125,1.0
2025-12-12T18:33:49.357998,0.875,0.12,0.995
2025-12-12T18:33:49.964756,0.875,0.125,1.0
2025-12-12T18:33:50.571636,0.88,0.12,1.0
2025-12-12T18:33:51.172674,0.885,0.115,1.0
2025-12-12T18:33:51.807711,0.88,0.12,1.0
2025-12-12T18:33:52.434635,0.88,0.12,1.0
2025-12-12T18:33:53.031326,0.875,0.125,1.0
2025-12-12T18:33:53.649509,0.875,0.125,1.0
2025-12-12T18:33:54.260885,0.875,0.125,1.0
2025-12-12T18:33:54.876771,0.875,0.125,1.0
2025-12-12T18:33:55.493524,0.87,0.13,1.0
2025-12-12T18:33:56.109303,0.875,0.125,1.0
2025-12-12T18:33:56.712284,0.86,0.14,1.0
2025-12-12T18:33:57.345797,0.855,0.145,1.0
2025-12-12T18:33:57.947552,0.85,0.15,1.0
2025-12-12T18:33:58.551461,0.855,0.145,1.0
2025-12-12T18:33:59.161925,0.85,0.15,1.0
2025-12-12T18:33:59.777284,0.85,0.15,1.0
2025-12-12T18:34:00.444822,0.85,0.15,1.0
2025-12-12T18:34:01.050910,0.85,0.15,1.0
2025-12-12T18:34:01.666439,0.85,0.15,1.0
2025-12-12T18:34:02.282556,0.855,0.145,1.0
2025-12-12T18:34:02.922818,0.845,0.155,1.0
2025-12-12T18:34:03.550511,0.815,0.185,1.0
2025-12-12T18:34:04.161006,0.825,0.175,1.0
2025-12-12T18:34:04.763652,0.825,0.175,1.0
2025-12-12T18:34:05.379192,0.835,0.165,1.0
2025-12-12T18:34:06.001087,0.835,0.165,1.0
2025-12-12T18:34:06.602290,0.835,0.165,1.0
2025-12-12T18:34:07.226101,0.825,0.175,1.0
2025-12-12T18:34:07.835801,0.82,0.18,1.0
2025-12-12T18:34:08.441417,0.82,0.18,1.0
2025-12-12T18:34:09.049765,0.82,0.18,1.0
2025-12-12T18:34:09.666931,0.815,0.185,1.0
2025-12-12T18:34:10.272280,0.82,0.18,1.0
2025-12-12T18:34:10.893335,0.825,0.175,1.0
2025-12-12T18:34:11.505945,0.825,0.175,1.0
2025-12-12T18:34:12.119768,0.825,0.175,1.0
2025-12-12T18:34:10.926344,0.825,0.175,1.0
2025-12-12T18:34:11.526173,0.83,0.17,1.0
2025-12-12T18:34:12.144948,0.835,0.165,1.0
2025-12-12T18:34:12.756344,0.825,0.175,1.0
2025-12-12T18:34:13.366787,0.83,0.17,1.0
2025-12-12T18:34:13.966662,0.83,0.17,1.0
2025-12-12T18:34:14.610926,0.83,0.165,0.995
2025-12-12T18:34:15.224773,0.845,0.155,1.0
2025-12-12T18:34:15.833059,0.845,0.155,1.0
2025-12-12T18:34:16.445818,0.855,0.145,1.0
2025-12-12T18:34:17.051311,0.855,0.145,1.0
2025-12-12T18:34:17.666798,0.87,0.13,1.0
2025-12-12T18:34:18.273161,0.87,0.13,1.0
2025-12-12T18:34:18.886584,0.87,0.13,1.0
2025-12-12T18:34:19.503612,0.86,0.14,1.0
2025-12-12T18:34:20.109825,0.855,0.145,1.0
2025-12-12T18:34:20.719821,0.855,0.145,1.0
2025-12-12T18:34:21.328724,0.855,0.145,1.0
2025-12-12T18:34:21.939447,0.855,0.145,1.0
2025-12-12T18:34:22.552440,0.855,0.145,1.0
2025-12-12T18:34:23.169167,0.855,0.145,1.0
2025-12-12T18:34:23.777037,0.855,0.145,1.0
2025-12-12T18:34:24.394385,0.855,0.145,1.0
2025-12-12T18:34:25.005654,0.855,0.145,1.0
2025-12-12T18:34:25.607347,0.86,0.14,1.0
2025-12-12T18:34:26.222638,0.86,0.14,1.0
2025-12-12T18:34:26.838024,0.865,0.135,1.0
2025-12-12T18:34:27.439033,0.86,0.14,1.0
2025-12-12T18:34:28.068697,0.85,0.15,1.0
2025-12-12T18:34:28.671710,0.85,0.15,1.0
2025-12-12T18:34:29.298228,0.865,0.135,1.0
2025-12-12T18:34:29.902267,0.865,0.135,1.0
2025-12-12T18:34:30.507486,0.865,0.135,1.0
2025-12-12T18:34:31.127214,0.865,0.135,1.0
2025-12-12T18:34:31.752266,0.865,0.135,1.0
2025-12-12T18:34:32.375210,0.875,0.125,1.0
2025-12-12T18:34:33.002243,0.875,0.125,1.0
2025-12-12T18:34:33.626399,0.875,0.125,1.0
2025-12-12T18:34:34.248127,0.865,0.135,1.0
2025-12-12T18:34:34.885584,0.865,0.135,1.0
2025-12-12T18:34:35.511507,0.86,0.14,1.0
2025-12-12T18:34:36.143399,0.845,0.155,1.0
2025-12-12T18:34:36.786185,0.845,0.16,1.005
2025-12-12T18:34:37.395129,0.845,0.155,1.0
2025-12-12T18:34:38.010281,0.845,0.155,1.0
2025-12-12T18:34:38.627720,0.845,0.155,1.0
2025-12-12T18:34:39.260671,0.845,0.155,1.0
2025-12-12T18:34:39.864149,0.845,0.155,1.0
2025-12-12T18:34:40.485893,0.855,0.145,1.0
2025-12-12T18:34:41.106424,0.855,0.145,1.0
2025-12-12T18:34:41.711130,0.855,0.145,1.0
2025-12-12T18:34:42.317136,0.86,0.14,1.0
2025-12-12T18:34:41.109509,0.86,0.145,1.005
2025-12-12T18:34:41.716822,0.845,0.155,1.0
2025-12-12T18:34:42.327547,0.845,0.155,1.0
2025-12-12T18:34:42.942392,0.845,0.155,1.0
2025-12-12T18:34:43.555690,0.84,0.16,1.0
2025-12-12T18:34:44.160368,0.835,0.165,1.0
2025-12-12T18:34:44.805998,0.83,0.17,1.0
2025-12-12T18:34:45.407759,0.835,0.165,1.0
2025-12-12T18:34:46.013908,0.845,0.155,1.0
2025-12-12T18:34:46.636814,0.845,0.155,1.0
2025-12-12T18:34:47.255891,0.845,0.155,1.0
2025-12-12T18:34:47.881819,0.855,0.145,1.0
2025-12-12T18:34:48.485121,0.855,0.145,1.0
2025-12-12T18:34:49.097259,0.86,0.14,1.0
2025-12-12T18:34:49.707586,0.86,0.14,1.0
2025-12-12T18:34:50.316871,0.86,0.14,1.0
2025-12-12T18:34:50.933413,0.86,0.14,1.0
2025-12-12T18:34:51.544982,0.855,0.145,1.0
2025-12-12T18:34:52.155481,0.855,0.145,1.0
2025-12-12T18:34:52.778835,0.855,0.145,1.0
2025-12-12T18:34:53.395559,0.855,0.145,1.0
2025-12-12T18:34:54.018726,0.855,0.145,1.0
2025-12-12T18:34:54.636711,0.855,0.145,1.0
2025-12-12T18:34:55.246027,0.855,0.145,1.0
2025-12-12T18:34:55.874654,0.86,0.14,1.0
2025-12-12T18:34:56.488389,0.865,0.135,1.0
2025-12-12T18:34:57.100184,0.865,0.135,1.0
2025-12-12T18:34:57.714046,0.865,0.135,1.0
2025-12-12T18:34:58.335203,0.855,0.145,1.0
2025-12-12T18:34:58.948429,0.855,0.145,1.0
2025-12-12T18:34:59.554522,0.855,0.145,1.0
2025-12-12T18:35:00.176029,0.84,0.16,1.0
2025-12-12T18:35:00.784391,0.84,0.16,1.0
2025-12-12T18:35:01.393841,0.84,0.16,1.0
2025-12-12T18:35:02.045921,0.825,0.175,1.0
2025-12-12T18:35:02.656994,0.825,0.17,0.995
2025-12-12T18:35:03.270277,0.835,0.165,1.0
2025-12-12T18:35:03.892257,0.835,0.165,1.0
2025-12-12T18:35:04.503183,0.835,0.165,1.0
2025-12-12T18:35:05.128303,0.835,0.165,1.0
2025-12-12T18:35:05.765352,0.83,0.175,1.005
2025-12-12T18:35:06.377405,0.825,0.175,1.0
2025-12-12T18:35:06.987801,0.825,0.175,1.0
2025-12-12T18:35:07.603092,0.815,0.185,1.0
2025-12-12T18:35:08.206340,0.815,0.185,1.0
2025-12-12T18:35:08.808540,0.81,0.19,1.0
2025-12-12T18:35:09.464752,0.805,0.195,1.0
2025-12-12T18:35:10.083642,0.8,0.2,1.0
2025-12-12T18:35:10.688872,0.8,0.2,1.0
2025-12-12T18:35:11.306949,0.8,0.2,1.0
2025-12-12T18:35:11.924427,0.8,0.2,1.0
2025-12-12T18:35:12.549121,0.795,0.205,1.0
2025-12-12T18:35:13.154871,0.8,0.19,0.99
2025-12-12T18:35:12.008696,0.815,0.185,1.0
2025-12-12T18:35:12.619137,0.82,0.18,1.0
2025-12-12T18:35:13.231281,0.825,0.175,1.0
2025-12-12T18:35:13.842470,0.825,0.175,1.0
2025-12-12T18:35:14.466084,0.825,0.175,1.0
2025-12-12T18:35:15.075921,0.825,0.175,1.0
2025-12-12T18:35:15.695217,0.825,0.175,1.0
2025-12-12T18:35:16.317668,0.825,0.175,1.0
2025-12-12T18:35:16.936777,0.825,0.175,1.0
2025-12-12T18:35:17.541844,0.825,0.175,1.0
2025-12-12T18:35:18.151746,0.825,0.175,1.0
2025-12-12T18:35:18.760251,0.825,0.175,1.0
2025-12-12T18:35:19.363304,0.825,0.175,1.0
2025-12-12T18:35:19.972984,0.825,0.175,1.0
2025-12-12T18:35:20.604352,0.82,0.18,1.0
2025-12-12T18:35:21.211735,0.82,0.18,1.0
2025-12-12T18:35:21.810434,0.82,0.18,1.0
2025-12-12T18:35:22.423207,0.815,0.185,1.0
2025-12-12T18:35:23.021948,0.795,0.205,1.0
2025-12-12T18:35:23.629217,0.795,0.205,1.0
2025-12-12T18:35:24.256428,0.795,0.205,1.0
2025-12-12T18:35:24.863907,0.795,0.205,1.0
2025-12-12T18:35:25.473704,0.795,0.205,1.0
2025-12-12T18:35:26.082007,0.795,0.205,1.0
2025-12-12T18:35:26.694325,0.79,0.21,1.0
2025-12-12T18:35:27.298392,0.785,0.215,1.0
2025-12-12T18:35:27.913335,0.78,0.225,1.0050000000000001
2025-12-12T18:35:28.516095,0.765,0.235,1.0
2025-12-12T18:35:29.134794,0.765,0.24,1.005
2025-12-12T18:35:29.758807,0.755,0.245,1.0
2025-12-12T18:35:30.373967,0.755,0.245,1.0
2025-12-12T18:35:30.994538,0.775,0.225,1.0
2025-12-12T18:35:31.613708,0.78,0.22,1.0
2025-12-12T18:35:32.247684,0.78,0.22,1.0
2025-12-12T18:35:32.849427,0.78,0.22,1.0
2025-12-12T18:35:33.458411,0.78,0.22,1.0
2025-12-12T18:35:34.066096,0.78,0.22,1.0
2025-12-12T18:35:34.704436,0.77,0.23,1.0
2025-12-12T18:35:35.318565,0.77,0.23,1.0
2025-12-12T18:35:35.930424,0.775,0.225,1.0
2025-12-12T18:35:36.547940,0.775,0.225,1.0
2025-12-12T18:35:37.188316,0.765,0.235,1.0
2025-12-12T18:35:37.801105,0.765,0.235,1.0
2025-12-12T18:35:38.415910,0.765,0.235,1.0
2025-12-12T18:35:39.039350,0.745,0.255,1.0
2025-12-12T18:35:39.671278,0.745,0.255,1.0
2025-12-12T18:35:40.278047,0.745,0.255,1.0
2025-12-12T18:35:40.882003,0.755,0.245,1.0
2025-12-12T18:35:41.479677,0.755,0.245,1.0
2025-12-12T18:35:42.083443,0.755,0.24,0.995
2025-12-12T18:35:42.681111,0.76,0.24,1.0
2025-12-12T18:35:43.284146,0.775,0.225,1.0
2025-12-12T18:35:42.110636,0.775,0.225,1.0
2025-12-12T18:35:42.733262,0.78,0.215,0.995
2025-12-12T18:35:43.357435,0.785,0.215,1.0
2025-12-12T18:35:43.973949,0.785,0.215,1.0
2025-12-12T18:35:44.597912,0.795,0.205,1.0
2025-12-12T18:35:45.217319,0.81,0.185,0.9950000000000001
2025-12-12T18:35:45.834182,0.815,0.18,0.9949999999999999
2025-12-12T18:35:46.455661,0.82,0.18,1.0
2025-12-12T18:35:47.060818,0.815,0.185,1.0
2025-12-12T18:35:47.672565,0.805,0.195,1.0
2025-12-12T18:35:48.290997,0.805,0.195,1.0
2025-12-12T18:35:48.915816,0.795,0.205,1.0
2025-12-12T18:35:49.532384,0.795,0.205,1.0
2025-12-12T18:35:50.167602,0.8,0.2,1.0
2025-12-12T18:35:50.767513,0.805,0.2,1.0050000000000001
2025-12-12T18:35:51.366294,0.815,0.19,1.005
2025-12-12T18:35:51.974166,0.795,0.205,1.0
2025-12-12T18:35:52.586369,0.795,0.205,1.0
2025-12-12T18:35:53.207126,0.795,0.205,1.0
2025-12-12T18:35:53.818006,0.795,0.205,1.0
2025-12-12T18:35:54.452828,0.795,0.205,1.0
2025-12-12T18:35:55.068874,0.795,0.19,0.9850000000000001
2025-12-12T18:35:55.671905,0.81,0.19,1.0
2025-12-12T18:35:56.282179,0.81,0.19,1.0
2025-12-12T18:35:56.884854,0.815,0.185,1.0
2025-12-12T18:35:57.490094,0.81,0.19,1.0
2025-12-12T18:35:58.090487,0.825,0.175,1.0
2025-12-12T18:35:58.704008,0.825,0.175,1.0
2025-12-12T18:35:59.305045,0.83,0.165,0.995
2025-12-12T18:35:59.921284,0.835,0.165,1.0
2025-12-12T18:36:00.530226,0.845,0.155,1.0
2025-12-12T18:36:01.128726,0.855,0.145,1.0
2025-12-12T18:36:01.742411,0.865,0.135,1.0
2025-12-12T18:36:02.361190,0.865,0.135,1.0
2025-12-12T18:36:02.968132,0.875,0.125,1.0
2025-12-12T18:36:03.569335,0.875,0.125,1.0
2025-12-12T18:36:04.184088,0.885,0.115,1.0
2025-12-12T18:36:04.809174,0.885,0.115,1.0
2025-12-12T18:36:05.423216,0.87,0.13,1.0
2025-12-12T18:36:06.035192,0.87,0.13,1.0
2025-12-12T18:36:06.656049,0.895,0.105,1.0
2025-12-12T18:36:07.272930,0.885,0.115,1.0
2025-12-12T18:36:07.890626,0.89,0.11,1.0
2025-12-12T18:36:08.504279,0.905,0.095,1.0
2025-12-12T18:36:09.105777,0.89,0.11,1.0
2025-12-12T18:36:09.710952,0.89,0.11,1.0
2025-12-12T18:36:10.317581,0.89,0.11,1.0
2025-12-12T18:36:10.914404,0.89,0.105,0.995
2025-12-12T18:36:11.514049,0.89,0.11,1.0
2025-12-12T18:36:12.126585,0.885,0.115,1.0
2025-12-12T18:36:12.736752,0.885,0.115,1.0
2025-12-12T18:36:13.344745,0.885,0.115,1.0
2025-12-12T18:36:13.949828,0.885,0.115,1.0
2025-12-12T18:36:12.780827,0.895,0.105,1.0
2025-12-12T18:36:13.395313,0.89,0.115,1.0050000000000001
2025-12-12T18:36:14.002059,0.885,0.115,1.0
2025-12-12T18:36:14.606756,0.9,0.1,1.0
2025-12-12T18:36:15.218161,0.895,0.105,1.0
2025-12-12T18:36:15.817066,0.89,0.11,1.0
2025-12-12T18:36:16.446613,0.89,0.105,0.995
2025-12-12T18:36:17.098606,0.89,0.11,1.0
2025-12-12T18:36:17.723852,0.89,0.11,1.0
2025-12-12T18:36:18.328505,0.9,0.1,1.0
2025-12-12T18:36:18.929169,0.895,0.105,1.0
2025-12-12T18:36:19.530310,0.885,0.115,1.0
2025-12-12T18:36:20.134671,0.885,0.115,1.0
2025-12-12T18:36:20.737656,0.885,0.115,1.0
2025-12-12T18:36:21.343837,0.895,0.105,1.0
2025-12-12T18:36:21.953832,0.895,0.105,1.0
2025-12-12T18:36:22.556301,0.895,0.105,1.0
2025-12-12T18:36:23.171443,0.9,0.1,1.0
2025-12-12T18:36:23.778772,0.905,0.095,1.0
2025-12-12T18:36:24.394809,0.905,0.095,1.0
2025-12-12T18:36:24.994314,0.905,0.095,1.0
2025-12-12T18:36:25.598318,0.925,0.075,1.0
2025-12-12T18:36:26.223476,0.895,0.105,1.0
2025-12-12T18:36:26.830045,0.895,0.105,1.0
2025-12-12T18:36:27.454056,0.905,0.095,1.0
2025-12-12T18:36:28.082521,0.905,0.095,1.0
2025-12-12T18:36:28.707784,0.905,0.095,1.0
2025-12-12T18:36:29.397925,0.905,0.095,1.0
2025-12-12T18:36:30.006710,0.895,0.105,1.0
2025-12-12T18:36:30.612415,0.9,0.1,1.0
2025-12-12T18:36:31.228174,0.9,0.1,1.0
2025-12-12T18:36:31.844141,0.905,0.095,1.0
2025-12-12T18:36:32.466147,0.905,0.095,1.0
2025-12-12T18:36:33.092251,0.905,0.095,1.0
2025-12-12T18:36:33.709028,0.885,0.115,1.0
2025-12-12T18:36:34.319968,0.89,0.11,1.0
2025-12-12T18:36:34.926675,0.905,0.095,1.0
2025-12-12T18:36:35.532617,0.905,0.095,1.0
2025-12-12T18:36:36.143391,0.905,0.095,1.0
2025-12-12T18:36:36.761296,0.905,0.095,1.0
2025-12-12T18:36:37.364969,0.895,0.105,1.0
2025-12-12T18:36:37.976909,0.895,0.105,1.0
2025-12-12T18:36:38.589728,0.885,0.115,1.0
2025-12-12T18:36:39.207298,0.89,0.11,1.0
2025-12-12T18:36:39.814120,0.895,0.105,1.0
2025-12-12T18:36:40.432929,0.895,0.105,1.0
2025-12-12T18:36:41.033229,0.895,0.105,1.0
2025-12-12T18:36:41.642503,0.9,0.1,1.0
2025-12-12T18:36:42.257098,0.905,0.095,1.0
2025-12-12T18:36:42.862622,0.905,0.095,1.0
2025-12-12T18:36:43.482119,0.905,0.095,1.0
2025-12-12T18:36:44.085074,0.905,0.095,1.0
2025-12-12T18:36:44.680906,0.905,0.1,1.0050000000000001
2025-12-12T18:36:43.524013,0.895,0.105,1.0
2025-12-12T18:36:44.175293,0.895,0.105,1.0
2025-12-12T18:36:44.790620,0.9,0.1,1.0
2025-12-12T18:36:45.399469,0.9,0.1,1.0
2025-12-12T18:36:46.016909,0.905,0.095,1.0
2025-12-12T18:36:46.610571,0.905,0.095,1.0
2025-12-12T18:36:47.218604,0.905,0.095,1.0
2025-12-12T18:36:47.833966,0.905,0.095,1.0
2025-12-12T18:36:48.446062,0.905,0.095,1.0
2025-12-12T18:36:49.058712,0.905,0.095,1.0
2025-12-12T18:36:49.668290,0.915,0.085,1.0
2025-12-12T18:36:50.291073,0.905,0.095,1.0
2025-12-12T18:36:50.908449,0.905,0.095,1.0
2025-12-12T18:36:51.519704,0.905,0.095,1.0
2025-12-12T18:36:52.139569,0.905,0.095,1.0
2025-12-12T18:36:52.772324,0.905,0.095,1.0
2025-12-12T18:36:53.392248,0.905,0.095,1.0
2025-12-12T18:36:54.008552,0.905,0.095,1.0
2025-12-12T18:36:54.614637,0.905,0.095,1.0
2025-12-12T18:36:55.233505,0.905,0.095,1.0
2025-12-12T18:36:55.850015,0.905,0.095,1.0
2025-12-12T18:36:56.456372,0.915,0.085,1.0
2025-12-12T18:36:57.095004,0.915,0.085,1.0
2025-12-12T18:36:57.697991,0.915,0.085,1.0
2025-12-12T18:36:58.322641,0.925,0.075,1.0
2025-12-12T18:36:58.944218,0.925,0.075,1.0
2025-12-12T18:36:59.555560,0.925,0.075,1.0
2025-12-12T18:37:00.173599,0.925,0.075,1.0
2025-12-12T18:37:00.801162,0.925,0.075,1.0
2025-12-12T18:37:01.411016,0.915,0.085,1.0
2025-12-12T18:37:02.026481,0.915,0.085,1.0
2025-12-12T18:37:02.648925,0.915,0.085,1.0
2025-12-12T18:37:03.259646,0.915,0.085,1.0
2025-12-12T18:37:03.879746,0.915,0.085,1.0
2025-12-12T18:37:04.492888,0.915,0.085,1.0
2025-12-12T18:37:05.114777,0.915,0.08,0.995
2025-12-12T18:37:05.747809,0.925,0.075,1.0
2025-12-12T18:37:06.354688,0.925,0.075,1.0
2025-12-12T18:37:06.959020,0.925,0.075,1.0
2025-12-12T18:37:07.591968,0.925,0.075,1.0
2025-12-12T18:37:08.200177,0.925,0.075,1.0
2025-12-12T18:37:08.825426,0.925,0.075,1.0
2025-12-12T18:37:09.426349,0.935,0.065,1.0
2025-12-12T18:37:10.121081,0.935,0.065,1.0
2025-12-12T18:37:10.777665,0.935,0.065,1.0
2025-12-12T18:37:11.392153,0.935,0.065,1.0
2025-12-12T18:37:11.994266,0.935,0.065,1.0
2025-12-12T18:37:12.605687,0.935,0.065,1.0
2025-12-12T18:37:13.212164,0.935,0.065,1.0
2025-12-12T18:37:13.830923,0.935,0.065,1.0
2025-12-12T18:37:14.431073,0.935,0.065,1.0
2025-12-12T18:37:15.058388,0.935,0.065,1.0
2025-12-12T18:37:13.886344,0.935,0.065,1.0
2025-12-12T18:37:14.494331,0.925,0.075,1.0
2025-12-12T18:37:15.113329,0.925,0.075,1.0
2025-12-12T18:37:15.729053,0.925,0.075,1.0
2025-12-12T18:37:16.361372,0.925,0.075,1.0
2025-12-12T18:37:17.003128,0.925,0.075,1.0
2025-12-12T18:37:17.617071,0.925,0.075,1.0
2025-12-12T18:37:18.244066,0.925,0.075,1.0
2025-12-12T18:37:18.845865,0.925,0.075,1.0
2025-12-12T18:37:19.463722,0.925,0.075,1.0
2025-12-12T18:37:20.081943,0.925,0.075,1.0
2025-12-12T18:37:20.704721,0.925,0.075,1.0
2025-12-12T18:37:21.310950,0.925,0.075,1.0
2025-12-12T18:37:21.913827,0.925,0.075,1.0
2025-12-12T18:37:22.539314,0.925,0.075,1.0
2025-12-12T18:37:23.170354,0.925,0.075,1.0
2025-12-12T18:37:23.788647,0.925,0.075,1.0
2025-12-12T18:37:24.414252,0.925,0.075,1.0
2025-12-12T18:37:25.017167,0.925,0.075,1.0
2025-12-12T18:37:25.622257,0.935,0.065,1.0
2025-12-12T18:37:26.226409,0.935,0.065,1.0
2025-12-12T18:37:26.833524,0.935,0.065,1.0
2025-12-12T18:37:27.443860,0.925,0.075,1.0
2025-12-12T18:37:28.052404,0.925,0.075,1.0
2025-12-12T18:37:28.665035,0.925,0.075,1.0
2025-12-12T18:37:29.292333,0.925,0.075,1.0
2025-12-12T18:37:29.906810,0.925,0.075,1.0
2025-12-12T18:37:30.515282,0.925,0.075,1.0
2025-12-12T18:37:31.117245,0.925,0.075,1.0
2025-12-12T18:37:31.738143,0.925,0.075,1.0
2025-12-12T18:37:32.378531,0.925,0.075,1.0
2025-12-12T18:37:33.005935,0.925,0.075,1.0
2025-12-12T18:37:33.626292,0.925,0.075,1.0
2025-12-12T18:37:34.249189,0.925,0.075,1.0
2025-12-12T18:37:34.858346,0.925,0.075,1.0
2025-12-12T18:37:35.483194,0.925,0.075,1.0
2025-12-12T18:37:36.103175,0.925,0.075,1.0
2025-12-12T18:37:36.716149,0.925,0.075,1.0
2025-12-12T18:37:37.326950,0.935,0.065,1.0
2025-12-12T18:37:37.959562,0.935,0.065,1.0
2025-12-12T18:37:38.581404,0.935,0.065,1.0
2025-12-12T18:37:39.192899,0.935,0.065,1.0
2025-12-12T18:37:39.803519,0.935,0.065,1.0
2025-12-12T18:37:40.417518,0.935,0.065,1.0
2025-12-12T18:37:41.042594,0.935,0.065,1.0
2025-12-12T18:37:41.648780,0.935,0.065,1.0
2025-12-12T18:37:42.256819,0.935,0.065,1.0
2025-12-12T18:37:42.874295,0.935,0.065,1.0
2025-12-12T18:37:43.493162,0.945,0.055,1.0
2025-12-12T18:37:44.110682,0.945,0.055,1.0
2025-12-12T18:37:44.743301,0.945,0.055,1.0
2025-12-12T18:37:45.343439,0.945,0.055,1.0
2025-12-12T18:37:44.169680,0.945,0.055,1.0
2025-12-12T18:37:44.776057,0.945,0.055,1.0
2025-12-12T18:37:45.376966,0.945,0.055,1.0
2025-12-12T18:37:45.983707,0.945,0.055,1.0
2025-12-12T18:37:46.584792,0.945,0.055,1.0
2025-12-12T18:37:47.183818,0.945,0.055,1.0
2025-12-12T18:37:47.789912,0.945,0.055,1.0
2025-12-12T18:37:48.398117,0.945,0.055,1.0
2025-12-12T18:37:49.016986,0.945,0.05,0.995
2025-12-12T18:37:49.636868,0.955,0.045,1.0
2025-12-12T18:37:50.249163,0.955,0.045,1.0
2025-12-12T18:37:50.863963,0.955,0.045,1.0
2025-12-12T18:37:51.486412,0.955,0.045,1.0
2025-12-12T18:37:52.091317,0.955,0.045,1.0
2025-12-12T18:37:52.703960,0.955,0.045,1.0
2025-12-12T18:37:53.316665,0.955,0.05,1.005
2025-12-12T18:37:53.928673,0.955,0.045,1.0
2025-12-12T18:37:54.557094,0.955,0.045,1.0
2025-12-12T18:37:55.163404,0.955,0.045,1.0
2025-12-12T18:37:55.773902,0.965,0.035,1.0
2025-12-12T18:37:56.466473,0.965,0.035,1.0
2025-12-12T18:37:57.081751,0.955,0.045,1.0
2025-12-12T18:37:57.695769,0.955,0.045,1.0
2025-12-12T18:37:58.299365,0.955,0.045,1.0
2025-12-12T18:37:58.915886,0.955,0.045,1.0
2025-12-12T18:37:59.536615,0.955,0.045,1.0
2025-12-12T18:38:00.152425,0.955,0.045,1.0
2025-12-12T18:38:00.770197,0.955,0.045,1.0
2025-12-12T18:38:01.392103,0.955,0.045,1.0
2025-12-12T18:38:02.003864,0.955,0.045,1.0
2025-12-12T18:38:02.629178,0.955,0.045,1.0
2025-12-12T18:38:03.230977,0.955,0.045,1.0
2025-12-12T18:38:03.841493,0.955,0.045,1.0
2025-12-12T18:38:04.454700,0.955,0.045,1.0
2025-12-12T18:38:05.075417,0.955,0.045,1.0
2025-12-12T18:38:05.686491,0.955,0.045,1.0
2025-12-12T18:38:06.312571,0.955,0.045,1.0
2025-12-12T18:38:06.924887,0.955,0.045,1.0
2025-12-12T18:38:07.536806,0.955,0.045,1.0
2025-12-12T18:38:08.180418,0.955,0.045,1.0
2025-12-12T18:38:08.795189,0.955,0.045,1.0
2025-12-12T18:38:09.424498,0.955,0.045,1.0
2025-12-12T18:38:10.040214,0.955,0.045,1.0
2025-12-12T18:38:10.652885,0.955,0.045,1.0
2025-12-12T18:38:11.263113,0.955,0.045,1.0
2025-12-12T18:38:11.894300,0.965,0.035,1.0
2025-12-12T18:38:12.519838,0.965,0.035,1.0
2025-12-12T18:38:13.150708,0.965,0.035,1.0
2025-12-12T18:38:13.771765,0.965,0.035,1.0
2025-12-12T18:38:14.391117,0.965,0.035,1.0
2025-12-12T18:38:14.991641,0.965,0.035,1.0
2025-12-12T18:38:15.604353,0.965,0.035,1.0
2025-12-12T18:38:14.405801,0.965,0.035,1.0
2025-12-12T18:38:15.025242,0.965,0.035,1.0
2025-12-12T18:38:15.664709,0.965,0.035,1.0
2025-12-12T18:38:16.283491,0.975,0.025,1.0
2025-12-12T18:38:16.909226,0.975,0.025,1.0
2025-12-12T18:38:17.524596,0.975,0.025,1.0
2025-12-12T18:38:18.145249,0.975,0.025,1.0
2025-12-12T18:38:18.761325,0.975,0.025,1.0
2025-12-12T18:38:19.377573,0.975,0.025,1.0
2025-12-12T18:38:20.056144,0.975,0.025,1.0
2025-12-12T18:38:20.673908,0.975,0.025,1.0
2025-12-12T18:38:21.289283,0.965,0.035,1.0
2025-12-12T18:38:21.904199,0.965,0.035,1.0
2025-12-12T18:38:22.522001,0.965,0.035,1.0
2025-12-12T18:38:23.131325,0.965,0.035,1.0
2025-12-12T18:38:23.747840,0.965,0.035,1.0
2025-12-12T18:38:24.361482,0.965,0.035,1.0
2025-12-12T18:38:24.968727,0.965,0.035,1.0
2025-12-12T18:38:25.587765,0.965,0.035,1.0
2025-12-12T18:38:26.207165,0.965,0.035,1.0
2025-12-12T18:38:26.818859,0.965,0.035,1.0
2025-12-12T18:38:27.435613,0.965,0.035,1.0
2025-12-12T18:38:28.044742,0.965,0.035,1.0
2025-12-12T18:38:28.656036,0.965,0.035,1.0
2025-12-12T18:38:29.263060,0.965,0.035,1.0
2025-12-12T18:38:29.865155,0.965,0.035,1.0
2025-12-12T18:38:30.472312,0.965,0.035,1.0
2025-12-12T18:38:31.094097,0.965,0.035,1.0
2025-12-12T18:38:31.699360,0.965,0.035,1.0
2025-12-12T18:38:32.319170,0.965,0.035,1.0
2025-12-12T18:38:32.930715,0.965,0.035,1.0
2025-12-12T18:38:33.540141,0.96,0.04,1.0
2025-12-12T18:38:34.160453,0.955,0.045,1.0
2025-12-12T18:38:34.773523,0.955,0.045,1.0
2025-12-12T18:38:35.395549,0.955,0.045,1.0
2025-12-12T18:38:36.036296,0.955,0.045,1.0
2025-12-12T18:38:36.658223,0.955,0.045,1.0
2025-12-12T18:38:37.267925,0.955,0.045,1.0
2025-12-12T18:38:37.870017,0.955,0.045,1.0
2025-12-12T18:38:38.483463,0.955,0.045,1.0
2025-12-12T18:38:39.086009,0.955,0.045,1.0
2025-12-12T18:38:39.697362,0.955,0.045,1.0
2025-12-12T18:38:40.313205,0.955,0.045,1.0
2025-12-12T18:38:40.944842,0.955,0.045,1.0
2025-12-12T18:38:41.556451,0.95,0.05,1.0
2025-12-12T18:38:42.174093,0.95,0.05,1.0
2025-12-12T18:38:42.793013,0.955,0.045,1.0
2025-12-12T18:38:43.408434,0.955,0.045,1.0
2025-12-12T18:38:44.019204,0.955,0.045,1.0
2025-12-12T18:38:44.646683,0.955,0.045,1.0
2025-12-12T18:38:45.269586,0.955,0.035,0.99
2025-12-12T18:38:45.886343,0.965,0.035,1.0
2025-12-12T18:38:46.498795,0.965,0.035,1.0
2025-12-12T18:38:45.308520,0.965,0.035,1.0
2025-12-12T18:38:45.927946,0.965,0.035,1.0
2025-12-12T18:38:46.544970,0.965,0.035,1.0
2025-12-12T18:38:47.154352,0.965,0.035,1.0
2025-12-12T18:38:47.756746,0.965,0.035,1.0
2025-12-12T18:38:48.372499,0.965,0.035,1.0
2025-12-12T18:38:48.974289,0.965,0.035,1.0
2025-12-12T18:38:49.584893,0.965,0.035,1.0
2025-12-12T18:38:50.234448,0.965,0.035,1.0
2025-12-12T18:38:50.850093,0.965,0.035,1.0
2025-12-12T18:38:51.454141,0.965,0.035,1.0
2025-12-12T18:38:52.066912,0.965,0.035,1.0
2025-12-12T18:38:52.677436,0.965,0.035,1.0
2025-12-12T18:38:53.285586,0.965,0.035,1.0
2025-12-12T18:38:53.896585,0.965,0.035,1.0
2025-12-12T18:38:54.517454,0.965,0.035,1.0
2025-12-12T18:38:55.131170,0.965,0.035,1.0
2025-12-12T18:38:55.755477,0.965,0.035,1.0
2025-12-12T18:38:56.365273,0.965,0.035,1.0
2025-12-12T18:38:56.971681,0.965,0.035,1.0
2025-12-12T18:38:57.586823,0.965,0.035,1.0
2025-12-12T18:38:58.198718,0.965,0.035,1.0
2025-12-12T18:38:58.810370,0.965,0.035,1.0
2025-12-12T18:38:59.446714,0.975,0.025,1.0
2025-12-12T18:39:00.052241,0.975,0.025,1.0
2025-12-12T18:39:00.666884,0.975,0.025,1.0
2025-12-12T18:39:01.271059,0.975,0.025,1.0
2025-12-12T18:39:01.898452,0.975,0.025,1.0
2025-12-12T18:39:02.528493,0.975,0.025,1.0
2025-12-12T18:39:03.144875,0.975,0.025,1.0
2025-12-12T18:39:03.760468,0.975,0.025,1.0
2025-12-12T18:39:04.364746,0.965,0.035,1.0
2025-12-12T18:39:04.998399,0.965,0.035,1.0
2025-12-12T18:39:05.605741,0.965,0.035,1.0
2025-12-12T18:39:06.245277,0.965,0.03,0.995
2025-12-12T18:39:06.847694,0.965,0.035,1.0
2025-12-12T18:39:07.486243,0.965,0.035,1.0
2025-12-12T18:39:08.115707,0.965,0.035,1.0
2025-12-12T18:39:08.733366,0.965,0.035,1.0
2025-12-12T18:39:09.345296,0.965,0.035,1.0
2025-12-12T18:39:09.954800,0.965,0.035,1.0
2025-12-12T18:39:10.585296,0.965,0.035,1.0
2025-12-12T18:39:11.205097,0.965,0.035,1.0
2025-12-12T18:39:11.816842,0.965,0.035,1.0
2025-12-12T18:39:12.437303,0.965,0.035,1.0
2025-12-12T18:39:13.048644,0.965,0.035,1.0
2025-12-12T18:39:13.663900,0.975,0.025,1.0
2025-12-12T18:39:14.277011,0.975,0.025,1.0
2025-12-12T18:39:14.884080,0.975,0.025,1.0
2025-12-12T18:39:15.511832,0.975,0.025,1.0
2025-12-12T18:39:16.112728,0.975,0.025,1.0
2025-12-12T18:39:16.725224,0.965,0.035,1.0
2025-12-12T18:39:15.552462,0.965,0.035,1.0
2025-12-12T18:39:16.171553,0.97,0.03,1.0
2025-12-12T18:39:16.783791,0.97,0.03,1.0
2025-12-12T18:39:17.388116,0.97,0.03,1.0
2025-12-12T18:39:17.998013,0.965,0.03,0.995
2025-12-12T18:39:18.610828,0.97,0.03,1.0
2025-12-12T18:39:19.225704,0.97,0.03,1.0
2025-12-12T18:39:19.830029,0.97,0.03,1.0
2025-12-12T18:39:20.437751,0.97,0.03,1.0
2025-12-12T18:39:21.038704,0.97,0.03,1.0
2025-12-12T18:39:21.644065,0.975,0.025,1.0
2025-12-12T18:39:22.252135,0.975,0.025,1.0
2025-12-12T18:39:22.876824,0.975,0.025,1.0
2025-12-12T18:39:23.488279,0.975,0.025,1.0
2025-12-12T18:39:24.103499,0.975,0.025,1.0
2025-12-12T18:39:24.708172,0.975,0.025,1.0
2025-12-12T18:39:25.311721,0.975,0.025,1.0
2025-12-12T18:39:25.926891,0.975,0.025,1.0
2025-12-12T18:39:26.548215,0.975,0.025,1.0
2025-12-12T18:39:27.172616,0.975,0.025,1.0
2025-12-12T18:39:27.796152,0.975,0.025,1.0
2025-12-12T18:39:28.421625,0.965,0.035,1.0
2025-12-12T18:39:29.051928,0.965,0.035,1.0
2025-12-12T18:39:29.655768,0.965,0.035,1.0
2025-12-12T18:39:30.268116,0.965,0.035,1.0
2025-12-12T18:39:30.869110,0.965,0.035,1.0
2025-12-12T18:39:31.488390,0.965,0.035,1.0
2025-12-12T18:39:32.103545,0.965,0.035,1.0
2025-12-12T18:39:32.723572,0.965,0.035,1.0
2025-12-12T18:39:33.333965,0.965,0.035,1.0
2025-12-12T18:39:33.952984,0.965,0.035,1.0
2025-12-12T18:39:34.555103,0.965,0.035,1.0
2025-12-12T18:39:35.164171,0.965,0.035,1.0
2025-12-12T18:39:35.785912,0.975,0.025,1.0
2025-12-12T18:39:36.395630,0.975,0.025,1.0
2025-12-12T18:39:37.019297,0.97,0.035,1.005
2025-12-12T18:39:37.648135,0.965,0.035,1.0
2025-12-12T18:39:38.280471,0.965,0.035,1.0
2025-12-12T18:39:38.883330,0.965,0.035,1.0
2025-12-12T18:39:39.501236,0.965,0.035,1.0
2025-12-12T18:39:40.122187,0.965,0.035,1.0
2025-12-12T18:39:40.718810,0.965,0.035,1.0
2025-12-12T18:39:41.322959,0.975,0.025,1.0
2025-12-12T18:39:41.940012,0.975,0.025,1.0
2025-12-12T18:39:42.543451,0.975,0.025,1.0
2025-12-12T18:39:43.158182,0.975,0.025,1.0
2025-12-12T18:39:43.794986,0.975,0.025,1.0
2025-12-12T18:39:44.416184,0.975,0.025,1.0
2025-12-12T18:39:45.015701,0.975,0.025,1.0
2025-12-12T18:39:45.627315,0.975,0.025,1.0
2025-12-12T18:39:46.238667,0.975,0.025,1.0
2025-12-12T18:39:46.846439,0.975,0.025,1.0
2025-12-12T18:39:45.618999,0.975,0.025,1.0
2025-12-12T18:39:46.221717,0.975,0.025,1.0
2025-12-12T18:39:46.832242,0.975,0.025,1.0
2025-12-12T18:39:47.437685,0.975,0.025,1.0
2025-12-12T18:39:48.070307,0.975,0.025,1.0
2025-12-12T18:39:48.710543,0.975,0.025,1.0
2025-12-12T18:39:49.328826,0.975,0.025,1.0
2025-12-12T18:39:49.953395,0.975,0.025,1.0
2025-12-12T18:39:50.566353,0.975,0.025,1.0
2025-12-12T18:39:51.182790,0.985,0.015,1.0
2025-12-12T18:39:51.840568,0.985,0.015,1.0
2025-12-12T18:39:52.442333,0.985,0.015,1.0
2025-12-12T18:39:53.057407,0.985,0.015,1.0
2025-12-12T18:39:53.674487,0.985,0.015,1.0
2025-12-12T18:39:54.322132,0.985,0.015,1.0
2025-12-12T18:39:54.927962,0.985,0.015,1.0
2025-12-12T18:39:55.551394,0.985,0.015,1.0
2025-12-12T18:39:56.163580,0.98,0.02,1.0
2025-12-12T18:39:56.795233,0.98,0.02,1.0
2025-12-12T18:39:57.400875,0.98,0.02,1.0
2025-12-12T18:39:58.028000,0.98,0.02,1.0
2025-12-12T18:39:58.650774,0.98,0.02,1.0
2025-12-12T18:39:59.272557,0.98,0.02,1.0
2025-12-12T18:39:59.902088,0.98,0.02,1.0
2025-12-12T18:40:00.529022,0.985,0.015,1.0
2025-12-12T18:40:01.151941,0.985,0.015,1.0
2025-12-12T18:40:01.776213,0.975,0.025,1.0
2025-12-12T18:40:02.374659,0.975,0.025,1.0
2025-12-12T18:40:02.990556,0.975,0.025,1.0
2025-12-12T18:40:03.599725,0.975,0.025,1.0
2025-12-12T18:40:04.215045,0.98,0.015,0.995
2025-12-12T18:40:04.836087,0.985,0.015,1.0
2025-12-12T18:40:05.455287,0.985,0.015,1.0
2025-12-12T18:40:06.064653,0.985,0.015,1.0
2025-12-12T18:40:06.669862,0.985,0.015,1.0
2025-12-12T18:40:07.282076,0.985,0.015,1.0
2025-12-12T18:40:07.897963,0.985,0.015,1.0
2025-12-12T18:40:08.503974,0.985,0.015,1.0
2025-12-12T18:40:09.114649,0.985,0.015,1.0
2025-12-12T18:40:09.729372,0.985,0.015,1.0
2025-12-12T18:40:10.345239,0.985,0.015,1.0
2025-12-12T18:40:10.950747,0.985,0.015,1.0
2025-12-12T18:40:11.578000,0.985,0.015,1.0
2025-12-12T18:40:12.190707,0.985,0.015,1.0
2025-12-12T18:40:12.799853,0.985,0.015,1.0
2025-12-12T18:40:13.412253,0.985,0.015,1.0
2025-12-12T18:40:14.042005,0.985,0.015,1.0
2025-12-12T18:40:14.656595,0.985,0.015,1.0
2025-12-12T18:40:15.268502,0.985,0.015,1.0
2025-12-12T18:40:15.872498,0.985,0.015,1.0
2025-12-12T18:40:16.482794,0.985,0.015,1.0
2025-12-12T18:40:17.090806,0.985,0.015,1.0
2025-12-12T18:40:17.696322,0.985,0.015,1.0
2025-12-12T18:40:16.477455,0.975,0.025,1.0
2025-12-12T18:40:17.096723,0.975,0.025,1.0
2025-12-12T18:40:17.698319,0.975,0.025,1.0
2025-12-12T18:40:18.303332,0.975,0.025,1.0
2025-12-12T18:40:18.908344,0.97,0.03,1.0
2025-12-12T18:40:19.521447,0.97,0.03,1.0
2025-12-12T18:40:20.154917,0.965,0.035,1.0
2025-12-12T18:40:20.768896,0.965,0.035,1.0
2025-12-12T18:40:21.435614,0.965,0.035,1.0
2025-12-12T18:40:22.038726,0.965,0.035,1.0
2025-12-12T18:40:22.642867,0.965,0.035,1.0
2025-12-12T18:40:23.256895,0.965,0.035,1.0
2025-12-12T18:40:23.870274,0.965,0.035,1.0
2025-12-12T18:40:24.479237,0.965,0.035,1.0
2025-12-12T18:40:25.103294,0.965,0.035,1.0
2025-12-12T18:40:25.708687,0.975,0.02,0.995
2025-12-12T18:40:26.308128,0.98,0.02,1.0
2025-12-12T18:40:26.936950,0.98,0.02,1.0
2025-12-12T18:40:27.553587,0.975,0.025,1.0
2025-12-12T18:40:28.178631,0.975,0.025,1.0
2025-12-12T18:40:28.778654,0.975,0.025,1.0
2025-12-12T18:40:29.409857,0.975,0.025,1.0
2025-12-12T18:40:30.026165,0.975,0.025,1.0
2025-12-12T18:40:30.631172,0.985,0.015,1.0
2025-12-12T18:40:31.235992,0.985,0.015,1.0
2025-12-12T18:40:31.853211,0.985,0.015,1.0
2025-12-12T18:40:32.454042,0.985,0.015,1.0
2025-12-12T18:40:33.057240,0.985,0.015,1.0
2025-12-12T18:40:33.664643,0.985,0.015,1.0
2025-12-12T18:40:34.270631,0.985,0.015,1.0
2025-12-12T18:40:34.880022,0.985,0.015,1.0
2025-12-12T18:40:35.482346,0.985,0.015,1.0
2025-12-12T18:40:36.094385,0.985,0.015,1.0
2025-12-12T18:40:36.717903,0.985,0.015,1.0
2025-12-12T18:40:37.334644,0.985,0.015,1.0
2025-12-12T18:40:37.951769,0.985,0.015,1.0
2025-12-12T18:40:38.561555,0.985,0.015,1.0
2025-12-12T18:40:39.179307,0.985,0.015,1.0
2025-12-12T18:40:39.789141,0.985,0.015,1.0
2025-12-12T18:40:40.403941,0.985,0.015,1.0
2025-12-12T18:40:41.001206,0.985,0.015,1.0
2025-12-12T18:40:41.620391,0.985,0.015,1.0
2025-12-12T18:40:42.247242,0.985,0.015,1.0
2025-12-12T18:40:42.894753,0.985,0.015,1.0
2025-12-12T18:40:43.512449,0.985,0.015,1.0
2025-12-12T18:40:44.114030,0.985,0.015,1.0
2025-12-12T18:40:44.741849,0.985,0.015,1.0
2025-12-12T18:40:45.375170,0.985,0.015,1.0
2025-12-12T18:40:45.967448,0.985,0.015,1.0
2025-12-12T18:40:46.577869,0.985,0.015,1.0
2025-12-12T18:40:47.290505,0.985,0.015,1.0
2025-12-12T18:40:47.920661,0.985,0.015,1.0
2025-12-12T18:40:46.763865,0.985,0.015,1.0
2025-12-12T18:40:47.378812,0.985,0.015,1.0
2025-12-12T18:40:47.983676,0.985,0.015,1.0
2025-12-12T18:40:48.586740,0.985,0.015,1.0
2025-12-12T18:40:49.191253,0.985,0.015,1.0
2025-12-12T18:40:49.803313,0.985,0.015,1.0
2025-12-12T18:40:50.436329,0.985,0.015,1.0
2025-12-12T18:40:51.053937,0.985,0.015,1.0
2025-12-12T18:40:51.653627,0.985,0.015,1.0
2025-12-12T18:40:52.259484,0.985,0.015,1.0
2025-12-12T18:40:52.955800,0.985,0.015,1.0
2025-12-12T18:40:53.567391,0.985,0.015,1.0
2025-12-12T18:40:54.171724,0.985,0.015,1.0
2025-12-12T18:40:54.793692,0.985,0.015,1.0
2025-12-12T18:40:55.389308,0.985,0.015,1.0
2025-12-12T18:40:55.993467,0.985,0.015,1.0
2025-12-12T18:40:56.620938,0.985,0.015,1.0
2025-12-12T18:40:57.230933,0.985,0.015,1.0
2025-12-12T18:40:57.846283,0.985,0.015,1.0
2025-12-12T18:40:58.481862,0.985,0.015,1.0
2025-12-12T18:40:59.114149,0.985,0.015,1.0
2025-12-12T18:40:59.720681,0.985,0.015,1.0
2025-12-12T18:41:00.336652,0.985,0.015,1.0
2025-12-12T18:41:00.948915,0.985,0.015,1.0
2025-12-12T18:41:01.565087,0.985,0.015,1.0
2025-12-12T18:41:02.172894,0.985,0.015,1.0
2025-12-12T18:41:02.809164,0.985,0.015,1.0
2025-12-12T18:41:03.427824,0.985,0.015,1.0
2025-12-12T18:41:04.033517,0.985,0.015,1.0
2025-12-12T18:41:04.669889,0.985,0.015,1.0
2025-12-12T18:41:05.278862,0.985,0.015,1.0
2025-12-12T18:41:05.889179,0.985,0.015,1.0
2025-12-12T18:41:06.503686,0.985,0.015,1.0
2025-12-12T18:41:07.107366,0.985,0.015,1.0
2025-12-12T18:41:07.737417,0.985,0.015,1.0
2025-12-12T18:41:08.336348,0.985,0.015,1.0
2025-12-12T18:41:08.949018,0.985,0.015,1.0
2025-12-12T18:41:09.593250,0.985,0.015,1.0
2025-12-12T18:41:10.196015,0.985,0.015,1.0
2025-12-12T18:41:10.810552,0.985,0.015,1.0
2025-12-12T18:41:11.414834,0.985,0.015,1.0
2025-12-12T18:41:12.039405,0.985,0.015,1.0
2025-12-12T18:41:12.645142,0.985,0.015,1.0
2025-12-12T18:41:13.266266,0.985,0.015,1.0
2025-12-12T18:41:13.874229,0.985,0.015,1.0
2025-12-12T18:41:14.509375,0.985,0.015,1.0
2025-12-12T18:41:15.107172,0.985,0.015,1.0
2025-12-12T18:41:15.739423,0.985,0.015,1.0
2025-12-12T18:41:16.339340,0.985,0.015,1.0
2025-12-12T18:41:16.951971,0.985,0.015,1.0
2025-12-12T18:41:17.575363,0.985,0.015,1.0
2025-12-12T18:41:18.176628,0.985,0.015,1.0
2025-12-12T18:41:17.005589,0.985,0.015,1.0
2025-12-12T18:41:17.635159,0.985,0.015,1.0
2025-12-12T18:41:18.246703,0.985,0.015,1.0
2025-12-12T18:41:18.847992,0.985,0.015,1.0
2025-12-12T18:41:19.453633,0.985,0.015,1.0
2025-12-12T18:41:20.064233,0.985,0.015,1.0
2025-12-12T18:41:20.670952,0.985,0.015,1.0
2025-12-12T18:41:21.285720,0.985,0.015,1.0
2025-12-12T18:41:21.892036,0.985,0.015,1.0
2025-12-12T18:41:22.510382,0.985,0.015,1.0
2025-12-12T18:41:23.143999,0.985,0.015,1.0
2025-12-12T18:41:23.908138,0.985,0.015,1.0
2025-12-12T18:41:24.534998,0.985,0.015,1.0
2025-12-12T18:41:25.158098,0.985,0.015,1.0
2025-12-12T18:41:25.781773,0.985,0.015,1.0
2025-12-12T18:41:26.394321,0.985,0.015,1.0
2025-12-12T18:41:27.017916,0.985,0.015,1.0
2025-12-12T18:41:27.614883,0.985,0.015,1.0
2025-12-12T18:41:28.225457,0.985,0.015,1.0
2025-12-12T18:41:28.876517,0.995,0.005,1.0
2025-12-12T18:41:29.490750,0.985,0.015,1.0
2025-12-12T18:41:30.108303,0.985,0.015,1.0
2025-12-12T18:41:30.730677,0.985,0.015,1.0
2025-12-12T18:41:31.352472,0.985,0.015,1.0
2025-12-12T18:41:31.963230,0.985,0.015,1.0
2025-12-12T18:41:32.580947,0.985,0.015,1.0
2025-12-12T18:41:33.198495,0.985,0.015,1.0
2025-12-12T18:41:33.805515,0.985,0.015,1.0
2025-12-12T18:41:34.412495,0.985,0.015,1.0
2025-12-12T18:41:35.025599,0.985,0.015,1.0
2025-12-12T18:41:35.636117,0.985,0.015,1.0
2025-12-12T18:41:36.238501,0.985,0.015,1.0
2025-12-12T18:41:36.840087,0.985,0.015,1.0
2025-12-12T18:41:37.446832,0.985,0.015,1.0
2025-12-12T18:41:38.050508,0.985,0.015,1.0
2025-12-12T18:41:38.651956,0.985,0.015,1.0
2025-12-12T18:41:39.273294,0.985,0.015,1.0
2025-12-12T18:41:39.885042,0.985,0.015,1.0
2025-12-12T18:41:40.502940,0.985,0.015,1.0
2025-12-12T18:41:41.115869,0.985,0.015,1.0
2025-12-12T18:41:41.725889,0.985,0.015,1.0
2025-12-12T18:41:42.349475,0.985,0.015,1.0
2025-12-12T18:41:42.974353,0.985,0.015,1.0
2025-12-12T18:41:43.590767,0.99,0.01,1.0
2025-12-12T18:41:44.197581,0.99,0.01,1.0
2025-12-12T18:41:44.813147,0.99,0.01,1.0
2025-12-12T18:41:45.431761,0.985,0.015,1.0
2025-12-12T18:41:46.068882,0.985,0.015,1.0
2025-12-12T18:41:46.690043,0.985,0.015,1.0
2025-12-12T18:41:47.305611,0.985,0.015,1.0
2025-12-12T18:41:47.911679,0.985,0.015,1.0
2025-12-12T18:41:48.523617,0.985,0.015,1.0
2025-12-12T18:41:49.155574,0.985,0.015,1.0
2025-12-12T18:41:47.973238,0.985,0.015,1.0
2025-12-12T18:41:48.573995,0.985,0.015,1.0
2025-12-12T18:41:49.209200,0.985,0.015,1.0
2025-12-12T18:41:49.823663,0.985,0.015,1.0
2025-12-12T18:41:50.436937,0.985,0.015,1.0
2025-12-12T18:41:51.049734,0.99,0.01,1.0
2025-12-12T18:41:51.685160,0.99,0.01,1.0
2025-12-12T18:41:52.300586,0.985,0.015,1.0
2025-12-12T18:41:52.915165,0.985,0.015,1.0
2025-12-12T18:41:53.549592,0.985,0.015,1.0
2025-12-12T18:41:54.164608,0.985,0.015,1.0
2025-12-12T18:41:54.777593,0.985,0.015,1.0
2025-12-12T18:41:55.390195,0.985,0.015,1.0
2025-12-12T18:41:56.008254,0.985,0.015,1.0
2025-12-12T18:41:56.626749,0.985,0.015,1.0
2025-12-12T18:41:57.237421,0.985,0.015,1.0
2025-12-12T18:41:57.884925,0.985,0.015,1.0
2025-12-12T18:41:58.502302,0.985,0.015,1.0
2025-12-12T18:41:59.147362,0.985,0.015,1.0
2025-12-12T18:41:59.778041,0.985,0.015,1.0
2025-12-12T18:42:00.404894,0.985,0.015,1.0
2025-12-12T18:42:01.017881,0.985,0.015,1.0
2025-12-12T18:42:01.634216,0.985,0.015,1.0
2025-12-12T18:42:02.242442,0.985,0.015,1.0
2025-12-12T18:42:02.853635,0.985,0.015,1.0
2025-12-12T18:42:03.462939,0.985,0.015,1.0
2025-12-12T18:42:04.079628,0.985,0.015,1.0
2025-12-12T18:42:04.687294,0.985,0.015,1.0
2025-12-12T18:42:05.308509,0.985,0.015,1.0
2025-12-12T18:42:05.912220,0.985,0.015,1.0
2025-12-12T18:42:06.529751,0.985,0.015,1.0
2025-12-12T18:42:07.154006,0.985,0.015,1.0
2025-12-12T18:42:07.770261,0.985,0.015,1.0
2025-12-12T18:42:08.385707,0.985,0.015,1.0
2025-12-12T18:42:08.994083,0.985,0.015,1.0
2025-12-12T18:42:09.604679,0.985,0.015,1.0
2025-12-12T18:42:10.212229,0.985,0.015,1.0
2025-12-12T18:42:10.818621,0.985,0.015,1.0
2025-12-12T18:42:11.434815,0.985,0.015,1.0
2025-12-12T18:42:12.041492,0.985,0.015,1.0
2025-12-12T18:42:12.662045,0.985,0.015,1.0
2025-12-12T18:42:13.289125,0.985,0.015,1.0
2025-12-12T18:42:13.891341,0.985,0.015,1.0
2025-12-12T18:42:14.502883,0.985,0.015,1.0
2025-12-12T18:42:15.120858,0.985,0.015,1.0
2025-12-12T18:42:15.731229,0.985,0.015,1.0
2025-12-12T18:42:16.340697,0.985,0.015,1.0
2025-12-12T18:42:16.962127,0.985,0.015,1.0
2025-12-12T18:42:17.594043,0.985,0.015,1.0
2025-12-12T18:42:18.221361,0.985,0.015,1.0
2025-12-12T18:42:18.837430,0.985,0.015,1.0
2025-12-12T18:42:19.439116,0.985,0.015,1.0
2025-12-12T18:42:18.375015,0.985,0.015,1.0
2025-12-12T18:42:18.999051,0.985,0.015,1.0
2025-12-12T18:42:19.608477,0.985,0.015,1.0
2025-12-12T18:42:20.224905,0.985,0.015,1.0
2025-12-12T18:42:20.842648,0.985,0.015,1.0
2025-12-12T18:42:21.456974,0.985,0.015,1.0
2025-12-12T18:42:22.072881,0.985,0.015,1.0
2025-12-12T18:42:22.681479,0.985,0.015,1.0
2025-12-12T18:42:23.296646,0.985,0.015,1.0
2025-12-12T18:42:23.909271,0.985,0.015,1.0
2025-12-12T18:42:24.533255,0.985,0.015,1.0
2025-12-12T18:42:25.165477,0.985,0.015,1.0
2025-12-12T18:42:25.781507,0.985,0.015,1.0
2025-12-12T18:42:26.415818,0.985,0.015,1.0
2025-12-12T18:42:27.023656,0.985,0.015,1.0
2025-12-12T18:42:27.632309,0.985,0.015,1.0
2025-12-12T18:42:28.233661,0.99,0.01,1.0
2025-12-12T18:42:28.840562,0.995,0.005,1.0
2025-12-12T18:42:29.438154,0.995,0.005,1.0
2025-12-12T18:42:30.038568,0.995,0.005,1.0
2025-12-12T18:42:30.651484,0.995,0.005,1.0
2025-12-12T18:42:31.266033,0.995,0.005,1.0
2025-12-12T18:42:31.872654,0.995,0.005,1.0
2025-12-12T18:42:32.484395,0.995,0.005,1.0
2025-12-12T18:42:33.099874,0.995,0.005,1.0
2025-12-12T18:42:33.703731,0.995,0.005,1.0
2025-12-12T18:42:34.304993,0.995,0.005,1.0
2025-12-12T18:42:34.917454,0.995,0.005,1.0
2025-12-12T18:42:35.521868,0.995,0.005,1.0
2025-12-12T18:42:36.129057,0.995,0.005,1.0
2025-12-12T18:42:36.741187,0.995,0.005,1.0
2025-12-12T18:42:37.342241,0.995,0.005,1.0
2025-12-12T18:42:37.971719,0.995,0.005,1.0
2025-12-12T18:42:38.590936,0.995,0.005,1.0
2025-12-12T18:42:39.194996,0.995,0.005,1.0
2025-12-12T18:42:39.815127,0.995,0.005,1.0
2025-12-12T18:42:40.426815,0.995,0.005,1.0
2025-12-12T18:42:41.042262,0.995,0.005,1.0
2025-12-12T18:42:41.642713,0.995,0.005,1.0
2025-12-12T18:42:42.262997,0.995,0.005,1.0
2025-12-12T18:42:42.868989,0.995,0.005,1.0
2025-12-12T18:42:43.496346,0.995,0.005,1.0
2025-12-12T18:42:44.098415,0.995,0.005,1.0
2025-12-12T18:42:44.720043,0.995,0.005,1.0
2025-12-12T18:42:45.332171,0.995,0.005,1.0
2025-12-12T18:42:45.952273,0.995,0.005,1.0
2025-12-12T18:42:46.572161,0.995,0.005,1.0
2025-12-12T18:42:47.197285,0.995,0.005,1.0
2025-12-12T18:42:47.796057,0.995,0.005,1.0
2025-12-12T18:42:48.409994,0.995,0.005,1.0
2025-12-12T18:42:49.018984,0.995,0.005,1.0
2025-12-12T18:42:49.643449,0.995,0.005,1.0
2025-12-12T18:42:48.437796,0.995,0.005,1.0
2025-12-12T18:42:49.042706,0.995,0.005,1.0
2025-12-12T18:42:49.645706,0.995,0.005,1.0
2025-12-12T18:42:50.253600,0.995,0.005,1.0
2025-12-12T18:42:50.879847,0.995,0.005,1.0
2025-12-12T18:42:51.489326,0.995,0.005,1.0
2025-12-12T18:42:52.097842,0.995,0.005,1.0
2025-12-12T18:42:52.711853,0.995,0.005,1.0
2025-12-12T18:42:53.321345,0.995,0.005,1.0
2025-12-12T18:42:53.929724,0.995,0.005,1.0
2025-12-12T18:42:54.541282,0.995,0.005,1.0
2025-12-12T18:42:55.210232,0.995,0.005,1.0
2025-12-12T18:42:55.811370,0.995,0.005,1.0
2025-12-12T18:42:56.425479,0.995,0.005,1.0
2025-12-12T18:42:57.041934,0.995,0.005,1.0
2025-12-12T18:42:57.661883,0.995,0.005,1.0
2025-12-12T18:42:58.276073,0.995,0.005,1.0
2025-12-12T18:42:58.900250,0.995,0.005,1.0
2025-12-12T18:42:59.524177,0.995,0.005,1.0
2025-12-12T18:43:00.141933,0.995,0.005,1.0
2025-12-12T18:43:00.777903,0.995,0.005,1.0
2025-12-12T18:43:01.397264,0.995,0.005,1.0
2025-12-12T18:43:02.004138,0.995,0.005,1.0
2025-12-12T18:43:02.614242,0.995,0.005,1.0
2025-12-12T18:43:03.238909,0.995,0.005,1.0
2025-12-12T18:43:03.846729,0.995,0.005,1.0
2025-12-12T18:43:04.464896,0.995,0.005,1.0
2025-12-12T18:43:05.071001,0.995,0.005,1.0
2025-12-12T18:43:05.676672,0.995,0.005,1.0
2025-12-12T18:43:06.300659,0.995,0.005,1.0
2025-12-12T18:43:06.911180,0.995,0.005,1.0
2025-12-12T18:43:07.518332,0.995,0.005,1.0
2025-12-12T18:43:08.119308,0.995,0.005,1.0
2025-12-12T18:43:08.728113,0.995,0.005,1.0
2025-12-12T18:43:09.349736,0.995,0.005,1.0
2025-12-12T18:43:09.954704,0.995,0.005,1.0
2025-12-12T18:43:10.595923,0.995,0.005,1.0
2025-12-12T18:43:11.202859,0.995,0.005,1.0
2025-12-12T18:43:11.826556,0.995,0.005,1.0
2025-12-12T18:43:12.450602,0.995,0.005,1.0
2025-12-12T18:43:13.080413,0.995,0.005,1.0
2025-12-12T18:43:13.762433,0.995,0.005,1.0
2025-12-12T18:43:14.368325,0.995,0.005,1.0
2025-12-12T18:43:14.977296,0.995,0.005,1.0
2025-12-12T18:43:15.588121,0.995,0.005,1.0
2025-12-12T18:43:16.192393,0.995,0.005,1.0
2025-12-12T18:43:16.801951,0.995,0.005,1.0
2025-12-12T18:43:17.409374,0.995,0.005,1.0
2025-12-12T18:43:18.019057,0.995,0.005,1.0
2025-12-12T18:43:18.629327,0.995,0.005,1.0
2025-12-12T18:43:19.254273,0.995,0.005,1.0
2025-12-12T18:43:19.872147,0.995,0.005,1.0
2025-12-12T18:43:20.479680,0.995,0.005,1.0
2025-12-12T18:43:19.290216,0.995,0.005,1.0
2025-12-12T18:43:19.897666,0.995,0.005,1.0
2025-12-12T18:43:20.518833,0.995,0.005,1.0
2025-12-12T18:43:21.130074,0.995,0.005,1.0
2025-12-12T18:43:21.752000,0.995,0.005,1.0
2025-12-12T18:43:22.367041,0.995,0.005,1.0
2025-12-12T18:43:22.972346,0.995,0.005,1.0
2025-12-12T18:43:23.585140,0.995,0.005,1.0
2025-12-12T18:43:24.198330,0.995,0.005,1.0
2025-12-12T18:43:24.800137,0.995,0.005,1.0
2025-12-12T18:43:25.408527,0.995,0.005,1.0
2025-12-12T18:43:26.017833,0.995,0.005,1.0
2025-12-12T18:43:26.672269,0.995,0.005,1.0
2025-12-12T18:43:27.278067,0.995,0.005,1.0
2025-12-12T18:43:27.880769,0.995,0.005,1.0
2025-12-12T18:43:28.502172,0.995,0.005,1.0
2025-12-12T18:43:29.114411,0.995,0.005,1.0
2025-12-12T18:43:29.718477,0.995,0.005,1.0
2025-12-12T18:43:30.335534,0.995,0.005,1.0
2025-12-12T18:43:30.965986,0.995,0.005,1.0
2025-12-12T18:43:31.576604,0.995,0.005,1.0
2025-12-12T18:43:32.177944,0.995,0.005,1.0
2025-12-12T18:43:32.815156,0.995,0.005,1.0
2025-12-12T18:43:33.428499,0.995,0.005,1.0
2025-12-12T18:43:34.033406,0.995,0.005,1.0
2025-12-12T18:43:34.671742,0.995,0.005,1.0
2025-12-12T18:43:35.273781,0.995,0.005,1.0
2025-12-12T18:43:35.889434,0.995,0.005,1.0
2025-12-12T18:43:36.498167,0.995,0.005,1.0
2025-12-12T18:43:37.108100,0.995,0.005,1.0
2025-12-12T18:43:37.716727,0.995,0.005,1.0
2025-12-12T18:43:38.333556,0.995,0.005,1.0
2025-12-12T18:43:38.947111,0.995,0.005,1.0
2025-12-12T18:43:39.561924,0.995,0.005,1.0
2025-12-12T18:43:40.171339,0.995,0.005,1.0
2025-12-12T18:43:40.796490,0.995,0.005,1.0
2025-12-12T18:43:41.418709,0.995,0.005,1.0
2025-12-12T18:43:42.034485,0.995,0.005,1.0
2025-12-12T18:43:42.646683,0.995,0.005,1.0
2025-12-12T18:43:43.256179,0.995,0.005,1.0
2025-12-12T18:43:43.859018,0.995,0.005,1.0
2025-12-12T18:43:44.477813,0.995,0.005,1.0
2025-12-12T18:43:45.097795,0.995,0.005,1.0
2025-12-12T18:43:45.700824,0.995,0.005,1.0
2025-12-12T18:43:46.319750,0.995,0.005,1.0
2025-12-12T18:43:46.952402,0.995,0.005,1.0
2025-12-12T18:43:47.579672,0.995,0.005,1.0
2025-12-12T18:43:48.198391,0.995,0.005,1.0
2025-12-12T18:43:48.834617,0.995,0.005,1.0
2025-12-12T18:43:49.448731,0.995,0.005,1.0
2025-12-12T18:43:50.059682,0.995,0.005,1.0
2025-12-12T18:43:50.692657,0.995,0.005,1.0
2025-12-12T18:43:49.519120,0.995,0.005,1.0
2025-12-12T18:43:50.130888,0.995,0.005,1.0
2025-12-12T18:43:50.741821,0.995,0.005,1.0
2025-12-12T18:43:51.353151,0.995,0.005,1.0
2025-12-12T18:43:51.963592,0.995,0.005,1.0
2025-12-12T18:43:52.572396,0.995,0.005,1.0
2025-12-12T18:43:53.172580,0.995,0.005,1.0
2025-12-12T18:43:53.790113,0.995,0.005,1.0
2025-12-12T18:43:54.394767,0.995,0.005,1.0
2025-12-12T18:43:55.009487,0.995,0.005,1.0
2025-12-12T18:43:55.627314,0.995,0.005,1.0
2025-12-12T18:43:56.267942,0.995,0.005,1.0
2025-12-12T18:43:56.885310,0.995,0.005,1.0
2025-12-12T18:43:57.510953,0.995,0.005,1.0
2025-12-12T18:43:58.124045,0.995,0.005,1.0
2025-12-12T18:43:58.735771,0.995,0.005,1.0
2025-12-12T18:43:59.351494,0.995,0.005,1.0
2025-12-12T18:43:59.964917,0.995,0.005,1.0
2025-12-12T18:44:00.577643,0.995,0.005,1.0
2025-12-12T18:44:01.182075,0.995,0.005,1.0
2025-12-12T18:44:01.793648,0.995,0.005,1.0
2025-12-12T18:44:02.411629,0.995,0.005,1.0
2025-12-12T18:44:03.021799,0.995,0.005,1.0
2025-12-12T18:44:03.652514,0.995,0.005,1.0
2025-12-12T18:44:04.260941,0.995,0.005,1.0
2025-12-12T18:44:04.866226,0.995,0.005,1.0
2025-12-12T18:44:05.475342,0.995,0.005,1.0
2025-12-12T18:44:06.108083,0.995,0.005,1.0
2025-12-12T18:44:06.726354,0.995,0.005,1.0
2025-12-12T18:44:07.344141,0.995,0.005,1.0
2025-12-12T18:44:07.969251,0.995,0.005,1.0
2025-12-12T18:44:08.677161,0.995,0.005,1.0
2025-12-12T18:44:09.278686,0.995,0.005,1.0
2025-12-12T18:44:09.878901,0.995,0.005,1.0
2025-12-12T18:44:10.486129,0.995,0.005,1.0
2025-12-12T18:44:11.086195,0.995,0.005,1.0
2025-12-12T18:44:11.695190,0.995,0.005,1.0
2025-12-12T18:44:12.304033,0.995,0.005,1.0
2025-12-12T18:44:12.907825,0.995,0.005,1.0
2025-12-12T18:44:13.526321,0.995,0.005,1.0
2025-12-12T18:44:14.135801,0.995,0.005,1.0
2025-12-12T18:44:14.744910,0.995,0.005,1.0
2025-12-12T18:44:15.353698,0.995,0.005,1.0
2025-12-12T18:44:15.963668,0.995,0.005,1.0
2025-12-12T18:44:16.573246,0.995,0.005,1.0
2025-12-12T18:44:17.184969,0.995,0.005,1.0
2025-12-12T18:44:17.811503,0.995,0.005,1.0
2025-12-12T18:44:18.413762,0.995,0.005,1.0
2025-12-12T18:44:19.021295,0.995,0.005,1.0
2025-12-12T18:44:19.625744,0.995,0.005,1.0
2025-12-12T18:44:20.233583,0.995,0.005,1.0
2025-12-12T18:44:20.838129,0.995,0.005,1.0
2025-12-12T18:44:21.434354,0.995,0.005,1.0
2025-12-12T18:44:20.256142,0.995,0.005,1.0
2025-12-12T18:44:20.858141,0.995,0.005,1.0
2025-12-12T18:44:21.464164,0.995,0.005,1.0
2025-12-12T18:44:22.078854,0.995,0.005,1.0
2025-12-12T18:44:22.698036,0.995,0.005,1.0
2025-12-12T18:44:23.325708,0.995,0.005,1.0
2025-12-12T18:44:23.936705,0.995,0.005,1.0
2025-12-12T18:44:24.535979,0.995,0.005,1.0
2025-12-12T18:44:25.151458,0.995,0.005,1.0
2025-12-12T18:44:25.764806,0.995,0.005,1.0
2025-12-12T18:44:26.369800,0.995,0.005,1.0
2025-12-12T18:44:26.988917,0.995,0.005,1.0
2025-12-12T18:44:27.606787,0.995,0.005,1.0
2025-12-12T18:44:28.223783,0.995,0.005,1.0
2025-12-12T18:44:28.852742,0.995,0.005,1.0
2025-12-12T18:44:29.456457,0.995,0.005,1.0
2025-12-12T18:44:30.075122,0.995,0.005,1.0
2025-12-12T18:44:30.692484,0.995,0.005,1.0
2025-12-12T18:44:31.310374,0.995,0.005,1.0
2025-12-12T18:44:31.929509,0.995,0.005,1.0
2025-12-12T18:44:32.530301,0.995,0.005,1.0
2025-12-12T18:44:33.140103,0.995,0.005,1.0
2025-12-12T18:44:33.741816,0.995,0.005,1.0
2025-12-12T18:44:34.347284,0.995,0.005,1.0
2025-12-12T18:44:34.955771,0.995,0.005,1.0
2025-12-12T18:44:35.581665,0.995,0.005,1.0
2025-12-12T18:44:36.192486,0.995,0.005,1.0
2025-12-12T18:44:36.807598,0.995,0.005,1.0
2025-12-12T18:44:37.425373,0.995,0.005,1.0
2025-12-12T18:44:38.031009,0.995,0.005,1.0
2025-12-12T18:44:38.641835,0.995,0.005,1.0
2025-12-12T18:44:39.251744,0.995,0.005,1.0
2025-12-12T18:44:39.864355,0.995,0.005,1.0
2025-12-12T18:44:40.508956,0.995,0.005,1.0
2025-12-12T18:44:41.119462,0.995,0.005,1.0
2025-12-12T18:44:41.741627,0.995,0.005,1.0
2025-12-12T18:44:42.351376,0.995,0.005,1.0
2025-12-12T18:44:42.968156,0.995,0.005,1.0
2025-12-12T18:44:43.575531,0.995,0.005,1.0
2025-12-12T18:44:44.182717,0.995,0.005,1.0
2025-12-12T18:44:44.794427,0.995,0.005,1.0
2025-12-12T18:44:45.408850,0.995,0.005,1.0
2025-12-12T18:44:46.058810,0.995,0.005,1.0
2025-12-12T18:44:46.658247,0.995,0.005,1.0
2025-12-12T18:44:47.266756,0.995,0.005,1.0
2025-12-12T18:44:47.865962,0.995,0.005,1.0
2025-12-12T18:44:48.472835,0.995,0.005,1.0
2025-12-12T18:44:49.082462,0.995,0.005,1.0
2025-12-12T18:44:49.698536,0.995,0.005,1.0
2025-12-12T18:44:50.309353,0.995,0.005,1.0
2025-12-12T18:44:50.919148,0.995,0.005,1.0
2025-12-12T18:44:51.532844,0.995,0.005,1.0
2025-12-12T18:44:50.341709,0.995,0.005,1.0
2025-12-12T18:44:50.941097,0.995,0.005,1.0
2025-12-12T18:44:51.561259,0.995,0.005,1.0
2025-12-12T18:44:52.171125,0.995,0.005,1.0
2025-12-12T18:44:52.775251,0.995,0.005,1.0
2025-12-12T18:44:53.391502,0.995,0.005,1.0
2025-12-12T18:44:54.003097,0.995,0.005,1.0
2025-12-12T18:44:54.621887,0.995,0.005,1.0
2025-12-12T18:44:55.230722,0.995,0.005,1.0
2025-12-12T18:44:55.854979,0.995,0.005,1.0
2025-12-12T18:44:56.462145,0.995,0.005,1.0
2025-12-12T18:44:57.071049,0.995,0.005,1.0
2025-12-12T18:44:57.676278,0.995,0.005,1.0
2025-12-12T18:44:58.277778,0.995,0.005,1.0
2025-12-12T18:44:58.892964,0.995,0.005,1.0
2025-12-12T18:44:59.502433,0.995,0.005,1.0
2025-12-12T18:45:00.107361,0.995,0.005,1.0
2025-12-12T18:45:00.724241,0.995,0.005,1.0
2025-12-12T18:45:01.365934,0.995,0.005,1.0
2025-12-12T18:45:01.987416,0.995,0.005,1.0
2025-12-12T18:45:02.593868,0.995,0.005,1.0
2025-12-12T18:45:03.199313,0.995,0.005,1.0
2025-12-12T18:45:03.813737,0.995,0.005,1.0
2025-12-12T18:45:04.427277,0.995,0.005,1.0
2025-12-12T18:45:05.077608,0.995,0.005,1.0
2025-12-12T18:45:05.693614,0.995,0.005,1.0
2025-12-12T18:45:06.309019,0.995,0.005,1.0
2025-12-12T18:45:06.923836,0.995,0.005,1.0
2025-12-12T18:45:07.549796,0.995,0.005,1.0
2025-12-12T18:45:08.166632,0.995,0.005,1.0
2025-12-12T18:45:08.797679,0.995,0.005,1.0
2025-12-12T18:45:09.426468,0.995,0.005,1.0
2025-12-12T18:45:10.031017,0.995,0.005,1.0
2025-12-12T18:45:10.663187,0.995,0.005,1.0
2025-12-12T18:45:11.279383,0.995,0.005,1.0
2025-12-12T18:45:11.894833,0.995,0.005,1.0
2025-12-12T18:45:12.516928,0.995,0.005,1.0
2025-12-12T18:45:13.123889,0.995,0.005,1.0
2025-12-12T18:45:13.744533,0.995,0.005,1.0
2025-12-12T18:45:14.375123,0.995,0.005,1.0
2025-12-12T18:45:14.993503,0.995,0.005,1.0
2025-12-12T18:45:15.627807,0.995,0.005,1.0
2025-12-12T18:45:16.261783,0.995,0.005,1.0
2025-12-12T18:45:16.916167,0.995,0.005,1.0
2025-12-12T18:45:17.572991,0.995,0.005,1.0
2025-12-12T18:45:18.197023,0.995,0.005,1.0
2025-12-12T18:45:18.825543,0.995,0.005,1.0
2025-12-12T18:45:19.490838,0.995,0.005,1.0
2025-12-12T18:45:20.093415,0.995,0.005,1.0
2025-12-12T18:45:20.710563,0.995,0.005,1.0
2025-12-12T18:45:21.337217,0.995,0.005,1.0
2025-12-12T18:45:21.967769,0.995,0.005,1.0
2025-12-12T18:45:22.567698,0.995,0.005,1.0
2025-12-12T18:45:23.186496,0.995,0.005,1.0
2025-12-12T18:45:23.800238,0.995,0.005,1.0
2025-12-12T18:45:24.404866,0.995,0.005,1.0
2025-12-12T18:45:25.016938,0.995,0.005,1.0
2025-12-12T18:45:25.631406,0.995,0.005,1.0
2025-12-12T18:45:26.227987,0.995,0.005,1.0
2025-12-12T18:45:26.837526,0.995,0.005,1.0
2025-12-12T18:45:27.447882,0.995,0.005,1.0
2025-12-12T18:45:28.057738,0.995,0.005,1.0
2025-12-12T18:45:28.672640,0.995,0.005,1.0
2025-12-12T18:45:29.270202,0.995,0.005,1.0
2025-12-12T18:45:29.871179,0.995,0.005,1.0
2025-12-12T18:45:30.477934,0.995,0.005,1.0
2025-12-12T18:45:31.084365,0.995,0.005,1.0
2025-12-12T18:45:31.692855,0.995,0.005,1.0
2025-12-12T18:45:32.313975,0.995,0.005,1.0
2025-12-12T18:45:32.955937,0.995,0.005,1.0
2025-12-12T18:45:33.562453,0.995,0.005,1.0
2025-12-12T18:45:34.160720,0.995,0.005,1.0
2025-12-12T18:45:34.767608,0.995,0.005,1.0
2025-12-12T18:45:35.369871,0.995,0.005,1.0
2025-12-12T18:45:35.967647,0.995,0.005,1.0
2025-12-12T18:45:36.574249,0.995,0.005,1.0
2025-12-12T18:45:37.179711,0.995,0.005,1.0
2025-12-12T18:45:35.423912,0.995,0.005,1.0
2025-12-12T18:45:36.028176,0.995,0.005,1.0
2025-12-12T18:45:36.647310,0.995,0.005,1.0
2025-12-12T18:45:37.269537,0.995,0.005,1.0
2025-12-12T18:45:37.882796,0.995,0.005,1.0
2025-12-12T18:45:38.500398,0.995,0.005,1.0
2025-12-12T18:45:39.121301,0.995,0.005,1.0
2025-12-12T18:45:39.721818,0.995,0.005,1.0
2025-12-12T18:45:40.344966,0.995,0.005,1.0
2025-12-12T18:45:40.978617,0.995,0.005,1.0
2025-12-12T18:45:41.598219,0.995,0.005,1.0
2025-12-12T18:45:42.218814,0.995,0.005,1.0
2025-12-12T18:45:42.834907,0.995,0.005,1.0
2025-12-12T18:45:43.459853,0.995,0.005,1.0
2025-12-12T18:45:44.063514,0.995,0.005,1.0
2025-12-12T18:45:44.672086,0.995,0.005,1.0
2025-12-12T18:45:45.275737,0.995,0.005,1.0
2025-12-12T18:45:45.891555,0.995,0.005,1.0
2025-12-12T18:45:46.493076,0.995,0.005,1.0
2025-12-12T18:45:47.099700,0.995,0.005,1.0
2025-12-12T18:45:47.730667,0.995,0.005,1.0
2025-12-12T18:45:48.353302,0.995,0.005,1.0
2025-12-12T18:45:48.961650,0.995,0.005,1.0
2025-12-12T18:45:49.578032,0.995,0.005,1.0
2025-12-12T18:45:50.202962,0.995,0.005,1.0
2025-12-12T18:45:50.827700,0.995,0.005,1.0
2025-12-12T18:45:51.437788,0.995,0.005,1.0
2025-12-12T18:45:52.049304,0.995,0.005,1.0
2025-12-12T18:45:52.671568,0.995,0.005,1.0
2025-12-12T18:45:53.322598,0.995,0.005,1.0
2025-12-12T18:45:53.972099,0.995,0.005,1.0
2025-12-12T18:45:54.608145,0.995,0.005,1.0
2025-12-12T18:45:55.254348,0.995,0.005,1.0
2025-12-12T18:45:55.862103,0.995,0.005,1.0
2025-12-12T18:45:56.487041,0.995,0.005,1.0
2025-12-12T18:45:57.111617,0.995,0.005,1.0
2025-12-12T18:45:57.733316,0.995,0.005,1.0
2025-12-12T18:45:58.356326,0.995,0.005,1.0
2025-12-12T18:45:58.961546,0.995,0.005,1.0
2025-12-12T18:45:59.564229,0.995,0.005,1.0
