timestamp,price_yes,price_no,sum_prices
2025-12-11T05:16:00.866957,0.36,0.64,1.0
2025-12-11T05:16:01.473753,0.375,0.625,1.0
2025-12-11T05:16:02.083450,0.345,0.655,1.0
2025-12-11T05:16:02.687828,0.335,0.665,1.0
2025-12-11T05:16:03.301466,0.355,0.645,1.0
2025-12-11T05:16:03.918833,0.355,0.645,1.0
2025-12-11T05:16:04.540861,0.355,0.645,1.0
2025-12-11T05:16:05.151651,0.355,0.645,1.0
2025-12-11T05:16:05.767402,0.355,0.645,1.0
2025-12-11T05:16:06.365270,0.355,0.645,1.0
2025-12-11T05:16:06.970979,0.355,0.645,1.0
2025-12-11T05:16:07.586604,0.355,0.645,1.0
2025-12-11T05:16:08.193088,0.355,0.645,1.0
2025-12-11T05:16:08.806257,0.355,0.645,1.0
2025-12-11T05:16:07.851934,0.355,0.645,1.0
2025-12-11T05:16:08.466863,0.355,0.645,1.0
2025-12-11T05:16:09.076701,0.355,0.645,1.0
2025-12-11T05:16:09.687622,0.345,0.655,1.0
2025-12-11T05:16:10.306407,0.345,0.655,1.0
2025-12-11T05:16:10.913686,0.335,0.665,1.0
2025-12-11T05:16:11.515664,0.335,0.665,1.0
2025-12-11T05:16:12.121974,0.335,0.665,1.0
2025-12-11T05:16:12.736121,0.34,0.66,1.0
2025-12-11T05:16:13.338371,0.345,0.655,1.0
2025-12-11T05:16:13.949797,0.345,0.655,1.0
2025-12-11T05:16:14.556874,0.335,0.665,1.0
2025-12-11T05:16:15.165970,0.345,0.655,1.0
2025-12-11T05:16:15.768302,0.345,0.655,1.0
2025-12-11T05:16:16.372110,0.345,0.655,1.0
2025-12-11T05:16:16.970680,0.345,0.655,1.0
2025-12-11T05:16:17.580686,0.345,0.655,1.0
2025-12-11T05:16:18.190906,0.34,0.66,1.0
2025-12-11T05:16:18.798758,0.34,0.66,1.0
2025-12-11T05:16:19.407862,0.34,0.66,1.0
2025-12-11T05:16:20.024642,0.34,0.66,1.0
2025-12-11T05:16:20.631276,0.34,0.66,1.0
2025-12-11T05:16:21.247220,0.34,0.66,1.0
2025-12-11T05:16:21.845130,0.34,0.66,1.0
2025-12-11T05:16:22.507857,0.345,0.655,1.0
2025-12-11T05:16:23.115446,0.335,0.665,1.0
2025-12-11T05:16:23.727407,0.335,0.665,1.0
2025-12-11T05:16:24.337855,0.325,0.675,1.0
2025-12-11T05:16:24.934410,0.315,0.685,1.0
2025-12-11T05:16:25.549124,0.32,0.68,1.0
2025-12-11T05:16:26.153460,0.32,0.68,1.0
2025-12-11T05:16:26.759405,0.32,0.68,1.0
2025-12-11T05:16:27.378555,0.325,0.675,1.0
2025-12-11T05:16:27.993442,0.325,0.675,1.0
2025-12-11T05:16:28.595974,0.325,0.675,1.0
2025-12-11T05:16:29.200145,0.325,0.675,1.0
2025-12-11T05:16:29.825558,0.255,0.755,1.01
2025-12-11T05:16:30.430911,0.245,0.755,1.0
2025-12-11T05:16:31.038457,0.225,0.775,1.0
2025-12-11T05:16:31.649072,0.225,0.775,1.0
2025-12-11T05:16:32.252695,0.23,0.77,1.0
2025-12-11T05:16:32.866799,0.23,0.77,1.0
2025-12-11T05:16:33.481655,0.235,0.765,1.0
2025-12-11T05:16:34.099766,0.235,0.765,1.0
2025-12-11T05:16:34.717039,0.235,0.765,1.0
2025-12-11T05:16:35.345957,0.235,0.765,1.0
2025-12-11T05:16:35.957903,0.235,0.765,1.0
2025-12-11T05:16:36.573102,0.235,0.765,1.0
2025-12-11T05:16:37.188469,0.225,0.775,1.0
2025-12-11T05:16:37.795735,0.225,0.775,1.0
2025-12-11T05:16:38.411044,0.225,0.775,1.0
2025-12-11T05:16:39.018790,0.22,0.775,0.995
2025-12-11T05:16:38.057882,0.23,0.765,0.995
2025-12-11T05:16:38.679641,0.235,0.765,1.0
2025-12-11T05:16:39.286855,0.225,0.775,1.0
2025-12-11T05:16:39.897324,0.225,0.775,1.0
2025-12-11T05:16:40.510180,0.235,0.765,1.0
2025-12-11T05:16:41.125942,0.235,0.765,1.0
2025-12-11T05:16:41.748984,0.235,0.765,1.0
2025-12-11T05:16:42.370815,0.245,0.755,1.0
2025-12-11T05:16:42.984815,0.22,0.78,1.0
2025-12-11T05:16:43.595000,0.22,0.775,0.995
2025-12-11T05:16:44.200597,0.21,0.79,1.0
2025-12-11T05:16:44.806506,0.225,0.775,1.0
2025-12-11T05:16:45.414605,0.235,0.765,1.0
2025-12-11T05:16:46.030971,0.235,0.765,1.0
2025-12-11T05:16:46.638575,0.23,0.785,1.0150000000000001
2025-12-11T05:16:47.249528,0.215,0.78,0.995
2025-12-11T05:16:47.856954,0.225,0.775,1.0
2025-12-11T05:16:48.466187,0.225,0.775,1.0
2025-12-11T05:16:49.068348,0.225,0.775,1.0
2025-12-11T05:16:49.673341,0.225,0.775,1.0
2025-12-11T05:16:50.273034,0.235,0.765,1.0
2025-12-11T05:16:50.878576,0.255,0.745,1.0
2025-12-11T05:16:51.481424,0.255,0.745,1.0
2025-12-11T05:16:52.096260,0.255,0.75,1.005
2025-12-11T05:16:52.715727,0.245,0.755,1.0
2025-12-11T05:16:53.334781,0.245,0.755,1.0
2025-12-11T05:16:53.953638,0.245,0.755,1.0
2025-12-11T05:16:54.562798,0.245,0.755,1.0
2025-12-11T05:16:55.179943,0.245,0.755,1.0
2025-12-11T05:16:55.786343,0.245,0.755,1.0
2025-12-11T05:16:56.388126,0.255,0.745,1.0
2025-12-11T05:16:56.999802,0.255,0.745,1.0
2025-12-11T05:16:57.615388,0.245,0.755,1.0
2025-12-11T05:16:58.253284,0.245,0.755,1.0
2025-12-11T05:16:58.868596,0.245,0.755,1.0
2025-12-11T05:16:59.479867,0.245,0.755,1.0
2025-12-11T05:17:00.090644,0.245,0.755,1.0
2025-12-11T05:17:00.704341,0.245,0.755,1.0
2025-12-11T05:17:01.321086,0.245,0.755,1.0
2025-12-11T05:17:01.935252,0.245,0.755,1.0
2025-12-11T05:17:02.554801,0.245,0.755,1.0
2025-12-11T05:17:03.171197,0.25,0.745,0.995
2025-12-11T05:17:03.798769,0.255,0.745,1.0
2025-12-11T05:17:04.418367,0.255,0.745,1.0
2025-12-11T05:17:05.028876,0.26,0.74,1.0
2025-12-11T05:17:05.646803,0.255,0.745,1.0
2025-12-11T05:17:06.263731,0.26,0.74,1.0
2025-12-11T05:17:06.898435,0.26,0.74,1.0
2025-12-11T05:17:07.507072,0.285,0.715,1.0
2025-12-11T05:17:08.120289,0.29,0.72,1.01
2025-12-11T05:17:08.738334,0.275,0.725,1.0
2025-12-11T05:17:09.365020,0.285,0.715,1.0
2025-12-11T05:17:09.998811,0.275,0.725,1.0
2025-12-11T05:17:09.060397,0.255,0.745,1.0
2025-12-11T05:17:09.675345,0.275,0.725,1.0
2025-12-11T05:17:10.295277,0.28,0.72,1.0
2025-12-11T05:17:10.913652,0.28,0.72,1.0
2025-12-11T05:17:11.535716,0.275,0.725,1.0
2025-12-11T05:17:12.159152,0.29,0.72,1.01
2025-12-11T05:17:12.781690,0.285,0.715,1.0
2025-12-11T05:17:13.421919,0.285,0.715,1.0
2025-12-11T05:17:14.040780,0.285,0.715,1.0
2025-12-11T05:17:14.668511,0.285,0.715,1.0
2025-12-11T05:17:15.282545,0.29,0.715,1.005
2025-12-11T05:17:15.898449,0.285,0.725,1.01
2025-12-11T05:17:16.521427,0.295,0.705,1.0
2025-12-11T05:17:17.138246,0.305,0.695,1.0
2025-12-11T05:17:17.755403,0.305,0.695,1.0
2025-12-11T05:17:18.367669,0.295,0.705,1.0
2025-12-11T05:17:18.975779,0.295,0.705,1.0
2025-12-11T05:17:19.592604,0.295,0.705,1.0
2025-12-11T05:17:20.211155,0.295,0.705,1.0
2025-12-11T05:17:20.827165,0.285,0.72,1.005
2025-12-11T05:17:21.443177,0.28,0.72,1.0
2025-12-11T05:17:22.058023,0.285,0.715,1.0
2025-12-11T05:17:22.682794,0.29,0.71,1.0
2025-12-11T05:17:23.298644,0.295,0.705,1.0
2025-12-11T05:17:23.904074,0.305,0.695,1.0
2025-12-11T05:17:24.520052,0.295,0.705,1.0
2025-12-11T05:17:25.138586,0.275,0.725,1.0
2025-12-11T05:17:25.755668,0.275,0.725,1.0
2025-12-11T05:17:26.376398,0.28,0.72,1.0
2025-12-11T05:17:26.989029,0.28,0.715,0.995
2025-12-11T05:17:27.607603,0.285,0.72,1.005
2025-12-11T05:17:28.228286,0.275,0.725,1.0
2025-12-11T05:17:28.841069,0.275,0.725,1.0
2025-12-11T05:17:29.464513,0.27,0.73,1.0
2025-12-11T05:17:30.077217,0.275,0.725,1.0
2025-12-11T05:17:30.693951,0.275,0.725,1.0
2025-12-11T05:17:31.308774,0.275,0.725,1.0
2025-12-11T05:17:31.927474,0.275,0.725,1.0
2025-12-11T05:17:32.543955,0.275,0.725,1.0
2025-12-11T05:17:33.160816,0.275,0.735,1.01
2025-12-11T05:17:33.773493,0.27,0.73,1.0
2025-12-11T05:17:34.389366,0.27,0.73,1.0
2025-12-11T05:17:35.008442,0.265,0.735,1.0
2025-12-11T05:17:35.621326,0.265,0.735,1.0
2025-12-11T05:17:36.239095,0.255,0.745,1.0
2025-12-11T05:17:36.847780,0.275,0.725,1.0
2025-12-11T05:17:37.460120,0.275,0.725,1.0
2025-12-11T05:17:38.076620,0.275,0.725,1.0
2025-12-11T05:17:38.691342,0.275,0.725,1.0
2025-12-11T05:17:39.301798,0.275,0.725,1.0
2025-12-11T05:17:39.923256,0.275,0.725,1.0
2025-12-11T05:17:40.620624,0.275,0.725,1.0
2025-12-11T05:17:39.673529,0.275,0.725,1.0
2025-12-11T05:17:40.278680,0.27,0.735,1.005
2025-12-11T05:17:40.905985,0.27,0.73,1.0
2025-12-11T05:17:41.528722,0.265,0.735,1.0
2025-12-11T05:17:42.150473,0.265,0.735,1.0
2025-12-11T05:17:42.768529,0.265,0.735,1.0
2025-12-11T05:17:43.381034,0.265,0.735,1.0
2025-12-11T05:17:44.330536,0.265,0.74,1.005
2025-12-11T05:17:44.941208,0.255,0.745,1.0
2025-12-11T05:17:45.553944,0.255,0.745,1.0
2025-12-11T05:17:46.165908,0.245,0.755,1.0
2025-12-11T05:17:46.784657,0.245,0.755,1.0
2025-12-11T05:17:47.390665,0.235,0.765,1.0
2025-12-11T05:17:48.012583,0.235,0.765,1.0
2025-12-11T05:17:48.624601,0.235,0.765,1.0
2025-12-11T05:17:49.241270,0.235,0.765,1.0
2025-12-11T05:17:49.864400,0.235,0.765,1.0
2025-12-11T05:17:50.479355,0.235,0.765,1.0
2025-12-11T05:17:51.101038,0.235,0.765,1.0
2025-12-11T05:17:51.714752,0.235,0.765,1.0
2025-12-11T05:17:52.317237,0.225,0.775,1.0
2025-12-11T05:17:52.934637,0.215,0.785,1.0
2025-12-11T05:17:53.547949,0.205,0.795,1.0
2025-12-11T05:17:54.166004,0.205,0.79,0.995
2025-12-11T05:17:54.784607,0.215,0.785,1.0
2025-12-11T05:17:55.401078,0.235,0.765,1.0
2025-12-11T05:17:56.020674,0.235,0.765,1.0
2025-12-11T05:17:56.633932,0.235,0.765,1.0
2025-12-11T05:17:57.260636,0.235,0.765,1.0
2025-12-11T05:17:57.879534,0.225,0.775,1.0
2025-12-11T05:17:58.493032,0.23,0.77,1.0
2025-12-11T05:17:59.111968,0.225,0.775,1.0
2025-12-11T05:17:59.727001,0.225,0.775,1.0
2025-12-11T05:18:00.332663,0.215,0.78,0.995
2025-12-11T05:18:00.952192,0.22,0.78,1.0
2025-12-11T05:18:01.564643,0.22,0.78,1.0
2025-12-11T05:18:02.187128,0.225,0.775,1.0
2025-12-11T05:18:02.800472,0.225,0.775,1.0
2025-12-11T05:18:03.416565,0.225,0.775,1.0
2025-12-11T05:18:04.031672,0.22,0.78,1.0
2025-12-11T05:18:04.644728,0.225,0.775,1.0
2025-12-11T05:18:05.507000,0.225,0.775,1.0
2025-12-11T05:18:06.130496,0.225,0.775,1.0
2025-12-11T05:18:06.744531,0.225,0.775,1.0
2025-12-11T05:18:07.365417,0.225,0.775,1.0
2025-12-11T05:18:07.980290,0.225,0.775,1.0
2025-12-11T05:18:08.595158,0.225,0.775,1.0
2025-12-11T05:18:09.216743,0.225,0.775,1.0
2025-12-11T05:18:09.835695,0.225,0.775,1.0
2025-12-11T05:18:10.456088,0.225,0.775,1.0
2025-12-11T05:18:11.062817,0.225,0.775,1.0
2025-12-11T05:18:10.105384,0.235,0.765,1.0
2025-12-11T05:18:10.710278,0.235,0.765,1.0
2025-12-11T05:18:11.348881,0.245,0.755,1.0
2025-12-11T05:18:11.964413,0.245,0.755,1.0
2025-12-11T05:18:12.582008,0.245,0.75,0.995
2025-12-11T05:18:13.194706,0.25,0.75,1.0
2025-12-11T05:18:13.800153,0.255,0.745,1.0
2025-12-11T05:18:14.414653,0.27,0.73,1.0
2025-12-11T05:18:15.030091,0.275,0.725,1.0
2025-12-11T05:18:15.641998,0.27,0.73,1.0
2025-12-11T05:18:16.259175,0.275,0.725,1.0
2025-12-11T05:18:16.878566,0.275,0.73,1.005
2025-12-11T05:18:17.492750,0.275,0.725,1.0
2025-12-11T05:18:18.113621,0.275,0.725,1.0
2025-12-11T05:18:18.713776,0.265,0.735,1.0
2025-12-11T05:18:19.329862,0.27,0.73,1.0
2025-12-11T05:18:19.938415,0.27,0.73,1.0
2025-12-11T05:18:20.549896,0.27,0.73,1.0
2025-12-11T05:18:21.153021,0.275,0.725,1.0
2025-12-11T05:18:21.777527,0.28,0.72,1.0
2025-12-11T05:18:22.400425,0.285,0.715,1.0
2025-12-11T05:18:23.028384,0.285,0.715,1.0
2025-12-11T05:18:23.646529,0.285,0.715,1.0
2025-12-11T05:18:24.264839,0.295,0.705,1.0
2025-12-11T05:18:24.871610,0.295,0.705,1.0
2025-12-11T05:18:25.487394,0.295,0.705,1.0
2025-12-11T05:18:26.097116,0.3,0.695,0.9949999999999999
2025-12-11T05:18:26.715532,0.305,0.695,1.0
2025-12-11T05:18:27.332596,0.315,0.68,0.9950000000000001
2025-12-11T05:18:27.951340,0.325,0.675,1.0
2025-12-11T05:18:28.558237,0.325,0.675,1.0
2025-12-11T05:18:29.176666,0.315,0.685,1.0
2025-12-11T05:18:29.785942,0.315,0.685,1.0
2025-12-11T05:18:30.403349,0.315,0.685,1.0
2025-12-11T05:18:31.022315,0.315,0.685,1.0
2025-12-11T05:18:31.639801,0.305,0.695,1.0
2025-12-11T05:18:32.255924,0.295,0.705,1.0
2025-12-11T05:18:32.880005,0.295,0.705,1.0
2025-12-11T05:18:33.485566,0.295,0.7,0.9949999999999999
2025-12-11T05:18:34.106724,0.295,0.705,1.0
2025-12-11T05:18:34.722126,0.285,0.715,1.0
2025-12-11T05:18:35.335016,0.285,0.715,1.0
2025-12-11T05:18:35.954080,0.285,0.715,1.0
2025-12-11T05:18:36.567611,0.295,0.705,1.0
2025-12-11T05:18:37.165043,0.3,0.705,1.005
2025-12-11T05:18:37.782218,0.295,0.705,1.0
2025-12-11T05:18:38.414788,0.295,0.705,1.0
2025-12-11T05:18:39.024208,0.295,0.705,1.0
2025-12-11T05:18:39.627903,0.285,0.715,1.0
2025-12-11T05:18:40.242114,0.285,0.715,1.0
2025-12-11T05:18:40.860147,0.285,0.715,1.0
2025-12-11T05:18:41.467164,0.28,0.72,1.0
2025-12-11T05:18:42.098739,0.28,0.72,1.0
2025-12-11T05:18:41.142816,0.28,0.72,1.0
2025-12-11T05:18:41.757877,0.28,0.72,1.0
2025-12-11T05:18:42.364722,0.275,0.725,1.0
2025-12-11T05:18:42.974396,0.28,0.72,1.0
2025-12-11T05:18:43.577407,0.28,0.72,1.0
2025-12-11T05:18:44.183975,0.28,0.72,1.0
2025-12-11T05:18:44.807584,0.285,0.715,1.0
2025-12-11T05:18:45.422235,0.295,0.705,1.0
2025-12-11T05:18:46.028388,0.295,0.705,1.0
2025-12-11T05:18:46.667433,0.295,0.705,1.0
2025-12-11T05:18:47.285625,0.31,0.69,1.0
2025-12-11T05:18:47.900328,0.31,0.69,1.0
2025-12-11T05:18:48.518690,0.315,0.685,1.0
2025-12-11T05:18:49.121317,0.315,0.68,0.9950000000000001
2025-12-11T05:18:49.740793,0.325,0.675,1.0
2025-12-11T05:18:50.355514,0.325,0.675,1.0
2025-12-11T05:18:50.970077,0.325,0.675,1.0
2025-12-11T05:18:51.589767,0.335,0.665,1.0
2025-12-11T05:18:52.204760,0.335,0.665,1.0
2025-12-11T05:18:52.815687,0.335,0.665,1.0
2025-12-11T05:18:53.415067,0.345,0.655,1.0
2025-12-11T05:18:54.030205,0.345,0.655,1.0
2025-12-11T05:18:54.655767,0.345,0.655,1.0
2025-12-11T05:18:55.262070,0.345,0.655,1.0
2025-12-11T05:18:55.874728,0.345,0.655,1.0
2025-12-11T05:18:56.476585,0.345,0.655,1.0
2025-12-11T05:18:57.087126,0.335,0.665,1.0
2025-12-11T05:18:57.701103,0.335,0.665,1.0
2025-12-11T05:18:58.299690,0.325,0.675,1.0
2025-12-11T05:18:58.905555,0.325,0.675,1.0
2025-12-11T05:18:59.516312,0.32,0.68,1.0
2025-12-11T05:19:00.124219,0.32,0.68,1.0
2025-12-11T05:19:00.731338,0.325,0.675,1.0
2025-12-11T05:19:01.352532,0.325,0.675,1.0
2025-12-11T05:19:01.973326,0.33,0.675,1.0050000000000001
2025-12-11T05:19:02.579362,0.335,0.665,1.0
2025-12-11T05:19:03.194972,0.33,0.67,1.0
2025-12-11T05:19:03.799389,0.33,0.67,1.0
2025-12-11T05:19:04.415110,0.335,0.665,1.0
2025-12-11T05:19:05.031252,0.335,0.665,1.0
2025-12-11T05:19:05.653613,0.345,0.655,1.0
2025-12-11T05:19:06.263437,0.345,0.655,1.0
2025-12-11T05:19:06.867677,0.345,0.655,1.0
2025-12-11T05:19:07.484733,0.345,0.655,1.0
2025-12-11T05:19:08.098172,0.355,0.645,1.0
2025-12-11T05:19:08.694397,0.365,0.635,1.0
2025-12-11T05:19:09.303519,0.365,0.635,1.0
2025-12-11T05:19:09.925392,0.355,0.645,1.0
2025-12-11T05:19:10.536344,0.355,0.64,0.995
2025-12-11T05:19:11.143397,0.365,0.635,1.0
2025-12-11T05:19:11.752282,0.365,0.635,1.0
2025-12-11T05:19:12.373859,0.365,0.635,1.0
2025-12-11T05:19:11.414528,0.365,0.635,1.0
2025-12-11T05:19:12.027865,0.365,0.635,1.0
2025-12-11T05:19:12.633892,0.365,0.635,1.0
2025-12-11T05:19:13.255278,0.365,0.635,1.0
2025-12-11T05:19:13.861943,0.365,0.635,1.0
2025-12-11T05:19:14.464845,0.375,0.625,1.0
2025-12-11T05:19:15.064810,0.375,0.625,1.0
2025-12-11T05:19:15.664250,0.375,0.625,1.0
2025-12-11T05:19:16.276261,0.365,0.635,1.0
2025-12-11T05:19:16.880555,0.365,0.635,1.0
2025-12-11T05:19:17.494993,0.365,0.625,0.99
2025-12-11T05:19:18.093973,0.375,0.625,1.0
2025-12-11T05:19:18.704893,0.375,0.62,0.995
2025-12-11T05:19:19.319727,0.38,0.62,1.0
2025-12-11T05:19:19.934969,0.38,0.615,0.995
2025-12-11T05:19:20.551791,0.38,0.62,1.0
2025-12-11T05:19:21.160751,0.385,0.615,1.0
2025-12-11T05:19:21.759608,0.385,0.615,1.0
2025-12-11T05:19:22.357221,0.385,0.615,1.0
2025-12-11T05:19:22.951857,0.385,0.615,1.0
2025-12-11T05:19:23.560751,0.39,0.61,1.0
2025-12-11T05:19:24.171511,0.385,0.615,1.0
2025-12-11T05:19:24.775827,0.335,0.665,1.0
2025-12-11T05:19:25.384134,0.305,0.695,1.0
2025-12-11T05:19:25.982858,0.3,0.7,1.0
2025-12-11T05:19:26.603177,0.295,0.705,1.0
2025-12-11T05:19:27.239599,0.295,0.705,1.0
2025-12-11T05:19:27.849852,0.295,0.705,1.0
2025-12-11T05:19:28.457948,0.305,0.695,1.0
2025-12-11T05:19:29.069654,0.295,0.705,1.0
2025-12-11T05:19:29.681414,0.295,0.705,1.0
2025-12-11T05:19:30.294931,0.295,0.705,1.0
2025-12-11T05:19:30.909826,0.295,0.705,1.0
2025-12-11T05:19:31.518574,0.29,0.71,1.0
2025-12-11T05:19:32.124812,0.285,0.715,1.0
2025-12-11T05:19:32.741947,0.315,0.68,0.9950000000000001
2025-12-11T05:19:33.359468,0.325,0.675,1.0
2025-12-11T05:19:33.967556,0.325,0.675,1.0
2025-12-11T05:19:34.631717,0.325,0.675,1.0
2025-12-11T05:19:35.246428,0.32,0.685,1.0050000000000001
2025-12-11T05:19:35.854962,0.315,0.685,1.0
2025-12-11T05:19:36.461380,0.325,0.675,1.0
2025-12-11T05:19:37.088127,0.335,0.665,1.0
2025-12-11T05:19:37.705833,0.34,0.66,1.0
2025-12-11T05:19:38.323591,0.34,0.66,1.0
2025-12-11T05:19:38.940206,0.335,0.665,1.0
2025-12-11T05:19:39.543355,0.34,0.66,1.0
2025-12-11T05:19:40.153613,0.34,0.66,1.0
2025-12-11T05:19:40.765829,0.335,0.665,1.0
2025-12-11T05:19:41.388279,0.33,0.675,1.0050000000000001
2025-12-11T05:19:42.014211,0.33,0.67,1.0
2025-12-11T05:19:42.622512,0.33,0.67,1.0
2025-12-11T05:19:43.238106,0.33,0.67,1.0
2025-12-11T05:19:42.273680,0.33,0.67,1.0
2025-12-11T05:19:42.880913,0.335,0.655,0.99
2025-12-11T05:19:43.499436,0.345,0.65,0.995
2025-12-11T05:19:44.103843,0.345,0.65,0.995
2025-12-11T05:19:44.714285,0.36,0.64,1.0
2025-12-11T05:19:45.321008,0.365,0.635,1.0
2025-12-11T05:19:45.940503,0.36,0.645,1.005
2025-12-11T05:19:46.555785,0.375,0.63,1.005
2025-12-11T05:19:47.176248,0.375,0.625,1.0
2025-12-11T05:19:47.794760,0.375,0.625,1.0
2025-12-11T05:19:48.405208,0.375,0.625,1.0
2025-12-11T05:19:49.024446,0.375,0.625,1.0
2025-12-11T05:19:49.638379,0.375,0.625,1.0
2025-12-11T05:19:50.240682,0.375,0.615,0.99
2025-12-11T05:19:50.851378,0.38,0.62,1.0
2025-12-11T05:19:51.466729,0.375,0.625,1.0
2025-12-11T05:19:52.078896,0.365,0.63,0.995
2025-12-11T05:19:52.679491,0.375,0.625,1.0
2025-12-11T05:19:53.296881,0.365,0.635,1.0
2025-12-11T05:19:53.908347,0.355,0.645,1.0
2025-12-11T05:19:54.520645,0.355,0.645,1.0
2025-12-11T05:19:55.146116,0.365,0.635,1.0
2025-12-11T05:19:55.760780,0.37,0.63,1.0
2025-12-11T05:19:56.385322,0.375,0.625,1.0
2025-12-11T05:19:56.997700,0.385,0.615,1.0
2025-12-11T05:19:57.621860,0.385,0.615,1.0
2025-12-11T05:19:58.237107,0.365,0.635,1.0
2025-12-11T05:19:58.871569,0.355,0.645,1.0
2025-12-11T05:19:59.483502,0.365,0.635,1.0
2025-12-11T05:20:00.098519,0.365,0.635,1.0
2025-12-11T05:20:00.700383,0.375,0.625,1.0
2025-12-11T05:20:01.318996,0.375,0.625,1.0
2025-12-11T05:20:01.928423,0.355,0.645,1.0
2025-12-11T05:20:02.542051,0.365,0.635,1.0
2025-12-11T05:20:03.161477,0.365,0.635,1.0
2025-12-11T05:20:03.782745,0.375,0.625,1.0
2025-12-11T05:20:04.405893,0.395,0.605,1.0
2025-12-11T05:20:05.025828,0.395,0.605,1.0
2025-12-11T05:20:05.650002,0.375,0.625,1.0
2025-12-11T05:20:06.259603,0.375,0.625,1.0
2025-12-11T05:20:06.860948,0.355,0.645,1.0
2025-12-11T05:20:07.478055,0.345,0.655,1.0
2025-12-11T05:20:08.090572,0.345,0.655,1.0
2025-12-11T05:20:08.719814,0.345,0.655,1.0
2025-12-11T05:20:09.355458,0.33,0.67,1.0
2025-12-11T05:20:09.956592,0.325,0.675,1.0
2025-12-11T05:20:10.573933,0.325,0.675,1.0
2025-12-11T05:20:11.188348,0.325,0.675,1.0
2025-12-11T05:20:11.812979,0.325,0.675,1.0
2025-12-11T05:20:12.426448,0.315,0.685,1.0
2025-12-11T05:20:13.040491,0.315,0.685,1.0
2025-12-11T05:20:13.656419,0.32,0.68,1.0
2025-12-11T05:20:14.262867,0.32,0.68,1.0
2025-12-11T05:20:13.304628,0.335,0.665,1.0
2025-12-11T05:20:13.914498,0.315,0.685,1.0
2025-12-11T05:20:14.537678,0.315,0.685,1.0
2025-12-11T05:20:15.155356,0.315,0.685,1.0
2025-12-11T05:20:15.788176,0.32,0.68,1.0
2025-12-11T05:20:16.394528,0.315,0.685,1.0
2025-12-11T05:20:17.018688,0.315,0.685,1.0
2025-12-11T05:20:17.641687,0.315,0.685,1.0
2025-12-11T05:20:18.252690,0.31,0.69,1.0
2025-12-11T05:20:18.866320,0.31,0.695,1.005
2025-12-11T05:20:19.484685,0.295,0.705,1.0
2025-12-11T05:20:20.097433,0.29,0.71,1.0
2025-12-11T05:20:20.726452,0.285,0.715,1.0
2025-12-11T05:20:21.340492,0.28,0.715,0.995
2025-12-11T05:20:21.955060,0.275,0.725,1.0
2025-12-11T05:20:22.577372,0.285,0.715,1.0
2025-12-11T05:20:23.194577,0.275,0.725,1.0
2025-12-11T05:20:23.813292,0.275,0.725,1.0
2025-12-11T05:20:24.421465,0.275,0.725,1.0
2025-12-11T05:20:25.039023,0.275,0.725,1.0
2025-12-11T05:20:25.646624,0.275,0.725,1.0
2025-12-11T05:20:26.263184,0.27,0.73,1.0
2025-12-11T05:20:26.876700,0.27,0.73,1.0
2025-12-11T05:20:27.492104,0.275,0.725,1.0
2025-12-11T05:20:28.105286,0.275,0.725,1.0
2025-12-11T05:20:28.709673,0.27,0.73,1.0
2025-12-11T05:20:29.325194,0.275,0.725,1.0
2025-12-11T05:20:29.945428,0.275,0.725,1.0
2025-12-11T05:20:30.558090,0.28,0.72,1.0
2025-12-11T05:20:31.171858,0.285,0.715,1.0
2025-12-11T05:20:31.785667,0.285,0.715,1.0
2025-12-11T05:20:32.386600,0.285,0.715,1.0
2025-12-11T05:20:32.994871,0.285,0.715,1.0
2025-12-11T05:20:33.593289,0.285,0.715,1.0
2025-12-11T05:20:34.196329,0.285,0.715,1.0
2025-12-11T05:20:34.800907,0.285,0.715,1.0
2025-12-11T05:20:35.409826,0.285,0.715,1.0
2025-12-11T05:20:36.013896,0.285,0.71,0.9949999999999999
2025-12-11T05:20:36.622406,0.285,0.715,1.0
2025-12-11T05:20:37.230623,0.295,0.705,1.0
2025-12-11T05:20:37.837986,0.295,0.705,1.0
2025-12-11T05:20:38.435751,0.295,0.705,1.0
2025-12-11T05:20:39.035801,0.295,0.705,1.0
2025-12-11T05:20:39.641357,0.295,0.705,1.0
2025-12-11T05:20:40.297322,0.295,0.705,1.0
2025-12-11T05:20:40.903758,0.305,0.695,1.0
2025-12-11T05:20:41.529608,0.305,0.695,1.0
2025-12-11T05:20:42.141805,0.305,0.695,1.0
2025-12-11T05:20:42.752300,0.305,0.695,1.0
2025-12-11T05:20:43.355055,0.305,0.695,1.0
2025-12-11T05:20:43.986862,0.29,0.715,1.005
2025-12-11T05:20:44.603486,0.275,0.725,1.0
2025-12-11T05:20:43.635934,0.275,0.725,1.0
2025-12-11T05:20:44.241071,0.285,0.715,1.0
2025-12-11T05:20:44.847653,0.275,0.725,1.0
2025-12-11T05:20:45.460656,0.275,0.725,1.0
2025-12-11T05:20:46.058428,0.285,0.715,1.0
2025-12-11T05:20:46.659483,0.275,0.725,1.0
2025-12-11T05:20:47.272286,0.275,0.725,1.0
2025-12-11T05:20:47.876326,0.275,0.725,1.0
2025-12-11T05:20:48.489359,0.275,0.72,0.995
2025-12-11T05:20:49.105225,0.285,0.715,1.0
2025-12-11T05:20:49.713848,0.285,0.715,1.0
2025-12-11T05:20:50.326452,0.285,0.715,1.0
2025-12-11T05:20:50.933666,0.285,0.715,1.0
2025-12-11T05:20:51.552481,0.285,0.715,1.0
2025-12-11T05:20:52.154886,0.285,0.715,1.0
2025-12-11T05:20:52.759156,0.29,0.71,1.0
2025-12-11T05:20:53.370756,0.29,0.71,1.0
2025-12-11T05:20:53.969800,0.295,0.705,1.0
2025-12-11T05:20:54.582447,0.29,0.71,1.0
2025-12-11T05:20:55.194501,0.305,0.695,1.0
2025-12-11T05:20:55.797098,0.305,0.695,1.0
2025-12-11T05:20:56.415637,0.295,0.705,1.0
2025-12-11T05:20:57.025870,0.295,0.705,1.0
2025-12-11T05:20:57.639711,0.295,0.705,1.0
2025-12-11T05:20:58.249193,0.305,0.695,1.0
2025-12-11T05:20:58.901596,0.305,0.695,1.0
2025-12-11T05:20:59.511268,0.305,0.695,1.0
2025-12-11T05:21:00.144561,0.305,0.695,1.0
2025-12-11T05:21:00.778301,0.305,0.695,1.0
2025-12-11T05:21:01.385364,0.305,0.695,1.0
2025-12-11T05:21:02.012791,0.315,0.685,1.0
2025-12-11T05:21:02.638150,0.315,0.685,1.0
2025-12-11T05:21:03.271745,0.315,0.685,1.0
2025-12-11T05:21:03.889258,0.32,0.68,1.0
2025-12-11T05:21:04.503067,0.325,0.675,1.0
2025-12-11T05:21:05.143182,0.325,0.675,1.0
2025-12-11T05:21:05.758730,0.32,0.665,0.9850000000000001
2025-12-11T05:21:06.376423,0.335,0.665,1.0
2025-12-11T05:21:06.980509,0.335,0.665,1.0
2025-12-11T05:21:07.595142,0.335,0.665,1.0
2025-12-11T05:21:08.203998,0.335,0.665,1.0
2025-12-11T05:21:08.823061,0.345,0.655,1.0
2025-12-11T05:21:09.442632,0.345,0.655,1.0
2025-12-11T05:21:10.060048,0.345,0.655,1.0
2025-12-11T05:21:10.689490,0.345,0.655,1.0
2025-12-11T05:21:11.312829,0.345,0.655,1.0
2025-12-11T05:21:11.932744,0.345,0.655,1.0
2025-12-11T05:21:12.552274,0.345,0.655,1.0
2025-12-11T05:21:13.171871,0.345,0.655,1.0
2025-12-11T05:21:13.794595,0.345,0.655,1.0
2025-12-11T05:21:14.401340,0.345,0.655,1.0
2025-12-11T05:21:15.008695,0.345,0.655,1.0
2025-12-11T05:21:15.628891,0.345,0.655,1.0
2025-12-11T05:21:14.679075,0.345,0.655,1.0
2025-12-11T05:21:15.296391,0.345,0.655,1.0
2025-12-11T05:21:15.910260,0.345,0.655,1.0
2025-12-11T05:21:16.520241,0.345,0.655,1.0
2025-12-11T05:21:17.134031,0.345,0.655,1.0
2025-12-11T05:21:17.738402,0.345,0.655,1.0
2025-12-11T05:21:18.356259,0.345,0.655,1.0
2025-12-11T05:21:18.974303,0.345,0.655,1.0
2025-12-11T05:21:19.583320,0.345,0.655,1.0
2025-12-11T05:21:20.198525,0.345,0.655,1.0
2025-12-11T05:21:20.812291,0.345,0.655,1.0
2025-12-11T05:21:21.415761,0.345,0.655,1.0
2025-12-11T05:21:22.032130,0.345,0.655,1.0
2025-12-11T05:21:22.647466,0.345,0.655,1.0
2025-12-11T05:21:23.268558,0.355,0.645,1.0
2025-12-11T05:21:23.896935,0.355,0.645,1.0
2025-12-11T05:21:24.519487,0.365,0.635,1.0
2025-12-11T05:21:25.140568,0.375,0.625,1.0
2025-12-11T05:21:25.757501,0.375,0.625,1.0
2025-12-11T05:21:26.376480,0.335,0.67,1.0050000000000001
2025-12-11T05:21:26.994895,0.315,0.685,1.0
2025-12-11T05:21:27.633014,0.315,0.685,1.0
2025-12-11T05:21:28.245399,0.305,0.695,1.0
2025-12-11T05:21:28.853001,0.305,0.695,1.0
2025-12-11T05:21:29.468337,0.295,0.705,1.0
2025-12-11T05:21:30.086820,0.285,0.715,1.0
2025-12-11T05:21:30.700500,0.295,0.705,1.0
2025-12-11T05:21:31.321155,0.295,0.705,1.0
2025-12-11T05:21:31.932231,0.295,0.69,0.9849999999999999
2025-12-11T05:21:32.553894,0.35,0.65,1.0
2025-12-11T05:21:33.169612,0.355,0.645,1.0
2025-12-11T05:21:33.780204,0.345,0.655,1.0
2025-12-11T05:21:34.398312,0.345,0.655,1.0
2025-12-11T05:21:35.018916,0.345,0.655,1.0
2025-12-11T05:21:35.638768,0.345,0.655,1.0
2025-12-11T05:21:36.249259,0.345,0.655,1.0
2025-12-11T05:21:36.883261,0.355,0.645,1.0
2025-12-11T05:21:37.500483,0.355,0.645,1.0
2025-12-11T05:21:38.116710,0.365,0.635,1.0
2025-12-11T05:21:38.727202,0.36,0.64,1.0
2025-12-11T05:21:39.348497,0.36,0.64,1.0
2025-12-11T05:21:39.956548,0.36,0.645,1.005
2025-12-11T05:21:40.567969,0.35,0.65,1.0
2025-12-11T05:21:41.177156,0.345,0.655,1.0
2025-12-11T05:21:41.793318,0.335,0.665,1.0
2025-12-11T05:21:42.405950,0.335,0.665,1.0
2025-12-11T05:21:43.036182,0.335,0.665,1.0
2025-12-11T05:21:43.653705,0.335,0.665,1.0
2025-12-11T05:21:44.261118,0.335,0.665,1.0
2025-12-11T05:21:44.891117,0.335,0.665,1.0
2025-12-11T05:21:45.501898,0.42,0.58,1.0
2025-12-11T05:21:46.110465,0.445,0.555,1.0
2025-12-11T05:21:45.131346,0.445,0.555,1.0
2025-12-11T05:21:45.743445,0.45,0.55,1.0
2025-12-11T05:21:46.356829,0.455,0.545,1.0
2025-12-11T05:21:46.976772,0.485,0.515,1.0
2025-12-11T05:21:47.589702,0.515,0.485,1.0
2025-12-11T05:21:48.218628,0.52,0.47,0.99
2025-12-11T05:21:48.833140,0.545,0.455,1.0
2025-12-11T05:21:49.445234,0.545,0.455,1.0
2025-12-11T05:21:50.046257,0.555,0.445,1.0
2025-12-11T05:21:50.665034,0.54,0.46,1.0
2025-12-11T05:21:51.283632,0.555,0.455,1.01
2025-12-11T05:21:51.894227,0.525,0.49,1.0150000000000001
2025-12-11T05:21:52.511082,0.485,0.515,1.0
2025-12-11T05:21:53.120229,0.455,0.545,1.0
2025-12-11T05:21:53.740422,0.435,0.565,1.0
2025-12-11T05:21:54.351954,0.435,0.57,1.005
2025-12-11T05:21:54.963278,0.43,0.57,1.0
2025-12-11T05:21:55.578547,0.425,0.54,0.9650000000000001
2025-12-11T05:21:56.204611,0.445,0.555,1.0
2025-12-11T05:21:56.826654,0.435,0.565,1.0
2025-12-11T05:21:57.444993,0.435,0.565,1.0
2025-12-11T05:21:58.072059,0.435,0.565,1.0
2025-12-11T05:21:58.690010,0.435,0.565,1.0
2025-12-11T05:21:59.316213,0.425,0.575,1.0
2025-12-11T05:21:59.930493,0.43,0.57,1.0
2025-12-11T05:22:00.550909,0.425,0.575,1.0
2025-12-11T05:22:01.176965,0.425,0.575,1.0
2025-12-11T05:22:01.787989,0.425,0.575,1.0
2025-12-11T05:22:02.418724,0.425,0.575,1.0
2025-12-11T05:22:03.030539,0.41,0.595,1.005
2025-12-11T05:22:03.648014,0.405,0.595,1.0
2025-12-11T05:22:04.266117,0.405,0.595,1.0
2025-12-11T05:22:04.875859,0.395,0.605,1.0
2025-12-11T05:22:05.491266,0.39,0.61,1.0
2025-12-11T05:22:06.101684,0.375,0.625,1.0
2025-12-11T05:22:06.719791,0.36,0.65,1.01
2025-12-11T05:22:07.337501,0.365,0.635,1.0
2025-12-11T05:22:07.953916,0.455,0.545,1.0
2025-12-11T05:22:08.576395,0.455,0.55,1.0050000000000001
2025-12-11T05:22:09.190238,0.45,0.55,1.0
2025-12-11T05:22:09.804169,0.445,0.555,1.0
2025-12-11T05:22:10.415784,0.43,0.565,0.9949999999999999
2025-12-11T05:22:11.033431,0.435,0.56,0.9950000000000001
2025-12-11T05:22:11.647393,0.435,0.565,1.0
2025-12-11T05:22:12.255934,0.415,0.59,1.005
2025-12-11T05:22:12.867877,0.395,0.675,1.07
2025-12-11T05:22:13.485432,0.385,0.62,1.005
2025-12-11T05:22:14.112072,0.395,0.605,1.0
2025-12-11T05:22:14.733030,0.375,0.625,1.0
2025-12-11T05:22:15.351337,0.385,0.615,1.0
2025-12-11T05:22:15.965839,0.39,0.61,1.0
2025-12-11T05:22:16.575174,0.395,0.605,1.0
2025-12-11T05:22:15.583580,0.395,0.605,1.0
2025-12-11T05:22:16.196145,0.385,0.615,1.0
2025-12-11T05:22:16.817470,0.395,0.605,1.0
2025-12-11T05:22:17.430705,0.385,0.615,1.0
2025-12-11T05:22:18.039893,0.375,0.625,1.0
2025-12-11T05:22:18.661746,0.375,0.625,1.0
2025-12-11T05:22:19.280886,0.375,0.625,1.0
2025-12-11T05:22:19.891880,0.455,0.545,1.0
2025-12-11T05:22:20.506837,0.44,0.56,1.0
2025-12-11T05:22:21.152765,0.44,0.56,1.0
2025-12-11T05:22:21.770429,0.425,0.575,1.0
2025-12-11T05:22:22.383059,0.44,0.56,1.0
2025-12-11T05:22:22.995706,0.43,0.57,1.0
2025-12-11T05:22:23.609024,0.415,0.59,1.005
2025-12-11T05:22:24.221191,0.395,0.605,1.0
2025-12-11T05:22:24.832516,0.38,0.615,0.995
2025-12-11T05:22:25.445307,0.365,0.63,0.995
2025-12-11T05:22:26.062019,0.365,0.635,1.0
2025-12-11T05:22:26.681010,0.375,0.625,1.0
2025-12-11T05:22:27.550933,0.375,0.625,1.0
2025-12-11T05:22:28.164271,0.375,0.625,1.0
2025-12-11T05:22:28.778683,0.38,0.625,1.005
2025-12-11T05:22:29.377941,0.38,0.62,1.0
2025-12-11T05:22:29.992684,0.375,0.625,1.0
2025-12-11T05:22:30.611923,0.38,0.62,1.0
2025-12-11T05:22:31.235072,0.39,0.615,1.005
2025-12-11T05:22:31.858818,0.375,0.625,1.0
2025-12-11T05:22:32.471456,0.38,0.62,1.0
2025-12-11T05:22:33.076383,0.38,0.62,1.0
2025-12-11T05:22:33.695493,0.38,0.62,1.0
2025-12-11T05:22:34.312750,0.38,0.62,1.0
2025-12-11T05:22:34.928798,0.39,0.61,1.0
2025-12-11T05:22:35.542979,0.385,0.62,1.005
2025-12-11T05:22:36.154799,0.38,0.62,1.0
2025-12-11T05:22:36.771209,0.385,0.62,1.005
2025-12-11T05:22:37.386693,0.38,0.62,1.0
2025-12-11T05:22:38.002999,0.37,0.64,1.01
2025-12-11T05:22:38.617151,0.375,0.625,1.0
2025-12-11T05:22:39.241866,0.36,0.63,0.99
2025-12-11T05:22:39.853839,0.37,0.63,1.0
2025-12-11T05:22:40.467114,0.36,0.65,1.01
2025-12-11T05:22:41.084696,0.345,0.655,1.0
2025-12-11T05:22:41.698857,0.335,0.66,0.9950000000000001
2025-12-11T05:22:42.311345,0.34,0.66,1.0
2025-12-11T05:22:42.936655,0.34,0.66,1.0
2025-12-11T05:22:43.555975,0.325,0.66,0.9850000000000001
2025-12-11T05:22:44.180194,0.335,0.665,1.0
2025-12-11T05:22:44.791280,0.335,0.665,1.0
2025-12-11T05:22:45.425893,0.325,0.675,1.0
2025-12-11T05:22:46.034404,0.325,0.675,1.0
2025-12-11T05:22:46.641294,0.325,0.675,1.0
2025-12-11T05:22:47.259460,0.325,0.68,1.0050000000000001
2025-12-11T05:22:46.304554,0.305,0.695,1.0
2025-12-11T05:22:46.915821,0.305,0.695,1.0
2025-12-11T05:22:47.528326,0.315,0.685,1.0
2025-12-11T05:22:48.139491,0.31,0.69,1.0
2025-12-11T05:22:48.747051,0.31,0.69,1.0
2025-12-11T05:22:49.358498,0.305,0.695,1.0
2025-12-11T05:22:49.989660,0.295,0.705,1.0
2025-12-11T05:22:50.602110,0.285,0.715,1.0
2025-12-11T05:22:51.224324,0.285,0.715,1.0
2025-12-11T05:22:51.833823,0.295,0.705,1.0
2025-12-11T05:22:52.452250,0.285,0.71,0.9949999999999999
2025-12-11T05:22:53.067895,0.29,0.71,1.0
2025-12-11T05:22:53.681840,0.29,0.71,1.0
2025-12-11T05:22:54.296454,0.285,0.715,1.0
2025-12-11T05:22:54.903891,0.29,0.71,1.0
2025-12-11T05:22:55.517741,0.295,0.705,1.0
2025-12-11T05:22:56.130535,0.285,0.725,1.01
2025-12-11T05:22:56.746705,0.275,0.725,1.0
2025-12-11T05:22:57.357744,0.275,0.725,1.0
2025-12-11T05:22:57.971870,0.275,0.725,1.0
2025-12-11T05:22:58.588042,0.285,0.715,1.0
2025-12-11T05:22:59.207606,0.28,0.72,1.0
2025-12-11T05:22:59.824593,0.275,0.725,1.0
2025-12-11T05:23:00.440326,0.285,0.72,1.005
2025-12-11T05:23:01.052970,0.26,0.74,1.0
2025-12-11T05:23:01.667622,0.255,0.745,1.0
2025-12-11T05:23:02.283333,0.255,0.745,1.0
2025-12-11T05:23:02.901432,0.26,0.755,1.0150000000000001
2025-12-11T05:23:03.516523,0.245,0.755,1.0
2025-12-11T05:23:04.384342,0.245,0.755,1.0
2025-12-11T05:23:05.001167,0.245,0.755,1.0
2025-12-11T05:23:05.618577,0.245,0.755,1.0
2025-12-11T05:23:06.242101,0.245,0.755,1.0
2025-12-11T05:23:06.859884,0.255,0.745,1.0
2025-12-11T05:23:07.490253,0.255,0.745,1.0
2025-12-11T05:23:08.104178,0.265,0.735,1.0
2025-12-11T05:23:08.714271,0.29,0.71,1.0
2025-12-11T05:23:09.335634,0.295,0.705,1.0
2025-12-11T05:23:09.955987,0.285,0.715,1.0
2025-12-11T05:23:10.570876,0.285,0.715,1.0
2025-12-11T05:23:11.186652,0.28,0.72,1.0
2025-12-11T05:23:11.816591,0.295,0.705,1.0
2025-12-11T05:23:12.425300,0.295,0.705,1.0
2025-12-11T05:23:13.043186,0.295,0.705,1.0
2025-12-11T05:23:13.661939,0.295,0.705,1.0
2025-12-11T05:23:14.279104,0.305,0.695,1.0
2025-12-11T05:23:14.897644,0.325,0.675,1.0
2025-12-11T05:23:15.525950,0.335,0.665,1.0
2025-12-11T05:23:16.122663,0.33,0.67,1.0
2025-12-11T05:23:16.725630,0.335,0.665,1.0
2025-12-11T05:23:17.343528,0.33,0.67,1.0
2025-12-11T05:23:17.954276,0.335,0.665,1.0
2025-12-11T05:23:16.989313,0.325,0.675,1.0
2025-12-11T05:23:17.608594,0.325,0.675,1.0
2025-12-11T05:23:18.222494,0.29,0.71,1.0
2025-12-11T05:23:18.836875,0.285,0.715,1.0
2025-12-11T05:23:19.461074,0.295,0.705,1.0
2025-12-11T05:23:20.055852,0.32,0.68,1.0
2025-12-11T05:23:20.667919,0.315,0.685,1.0
2025-12-11T05:23:21.286422,0.315,0.685,1.0
2025-12-11T05:23:21.907516,0.315,0.685,1.0
2025-12-11T05:23:22.523739,0.315,0.69,1.005
2025-12-11T05:23:23.132651,0.325,0.675,1.0
2025-12-11T05:23:23.744958,0.32,0.68,1.0
2025-12-11T05:23:24.386563,0.315,0.685,1.0
2025-12-11T05:23:24.999172,0.315,0.685,1.0
2025-12-11T05:23:25.614433,0.315,0.685,1.0
2025-12-11T05:23:26.241197,0.315,0.685,1.0
2025-12-11T05:23:26.858210,0.315,0.685,1.0
2025-12-11T05:23:27.468526,0.325,0.675,1.0
2025-12-11T05:23:28.081038,0.325,0.675,1.0
2025-12-11T05:23:28.692126,0.325,0.675,1.0
2025-12-11T05:23:29.310390,0.33,0.67,1.0
2025-12-11T05:23:29.920954,0.33,0.67,1.0
2025-12-11T05:23:30.531279,0.325,0.675,1.0
2025-12-11T05:23:31.141224,0.335,0.665,1.0
2025-12-11T05:23:31.757652,0.335,0.665,1.0
2025-12-11T05:23:32.370718,0.335,0.665,1.0
2025-12-11T05:23:32.990429,0.335,0.665,1.0
2025-12-11T05:23:33.604819,0.335,0.665,1.0
2025-12-11T05:23:34.218590,0.335,0.665,1.0
2025-12-11T05:23:34.836935,0.335,0.665,1.0
2025-12-11T05:23:35.445249,0.345,0.655,1.0
2025-12-11T05:23:36.062913,0.35,0.65,1.0
2025-12-11T05:23:36.686156,0.375,0.62,0.995
2025-12-11T05:23:37.296153,0.385,0.615,1.0
2025-12-11T05:23:37.918986,0.395,0.605,1.0
2025-12-11T05:23:38.534496,0.38,0.625,1.005
2025-12-11T05:23:39.141826,0.37,0.63,1.0
2025-12-11T05:23:39.753683,0.355,0.645,1.0
2025-12-11T05:23:40.370692,0.35,0.65,1.0
2025-12-11T05:23:41.019500,0.35,0.65,1.0
2025-12-11T05:23:41.634402,0.35,0.65,1.0
2025-12-11T05:23:42.248769,0.35,0.65,1.0
2025-12-11T05:23:42.865190,0.345,0.655,1.0
2025-12-11T05:23:43.477285,0.345,0.655,1.0
2025-12-11T05:23:44.093262,0.345,0.665,1.01
2025-12-11T05:23:44.706769,0.335,0.665,1.0
2025-12-11T05:23:45.320650,0.315,0.685,1.0
2025-12-11T05:23:45.933530,0.315,0.685,1.0
2025-12-11T05:23:46.549232,0.315,0.685,1.0
2025-12-11T05:23:47.165121,0.32,0.68,1.0
2025-12-11T05:23:47.782917,0.315,0.685,1.0
2025-12-11T05:23:48.407497,0.315,0.685,1.0
2025-12-11T05:23:47.441211,0.315,0.685,1.0
2025-12-11T05:23:48.054696,0.315,0.685,1.0
2025-12-11T05:23:48.667697,0.315,0.685,1.0
2025-12-11T05:23:49.263896,0.31,0.69,1.0
2025-12-11T05:23:49.878284,0.31,0.69,1.0
2025-12-11T05:23:50.501365,0.315,0.685,1.0
2025-12-11T05:23:51.112819,0.315,0.685,1.0
2025-12-11T05:23:51.727305,0.325,0.675,1.0
2025-12-11T05:23:52.358281,0.295,0.705,1.0
2025-12-11T05:23:52.970553,0.285,0.71,0.9949999999999999
2025-12-11T05:23:53.582229,0.275,0.725,1.0
2025-12-11T05:23:54.196714,0.285,0.715,1.0
2025-12-11T05:23:54.867333,0.275,0.725,1.0
2025-12-11T05:23:55.477286,0.28,0.72,1.0
2025-12-11T05:23:56.094025,0.28,0.72,1.0
2025-12-11T05:23:56.713873,0.275,0.725,1.0
2025-12-11T05:23:57.336632,0.275,0.725,1.0
2025-12-11T05:23:57.966536,0.275,0.725,1.0
2025-12-11T05:23:58.575191,0.27,0.73,1.0
2025-12-11T05:23:59.192138,0.27,0.73,1.0
2025-12-11T05:23:59.830360,0.275,0.725,1.0
2025-12-11T05:24:00.442925,0.285,0.715,1.0
2025-12-11T05:24:01.068159,0.29,0.71,1.0
2025-12-11T05:24:01.678177,0.295,0.7,0.9949999999999999
2025-12-11T05:24:02.288863,0.285,0.72,1.005
2025-12-11T05:24:02.903035,0.285,0.715,1.0
2025-12-11T05:24:03.517170,0.29,0.705,0.9949999999999999
2025-12-11T05:24:04.141877,0.295,0.7,0.9949999999999999
2025-12-11T05:24:04.755201,0.295,0.705,1.0
2025-12-11T05:24:05.351058,0.295,0.705,1.0
2025-12-11T05:24:05.961795,0.305,0.695,1.0
2025-12-11T05:24:06.574879,0.305,0.695,1.0
2025-12-11T05:24:07.193790,0.305,0.695,1.0
2025-12-11T05:24:07.813850,0.305,0.695,1.0
2025-12-11T05:24:08.428344,0.3,0.7,1.0
2025-12-11T05:24:09.045945,0.3,0.695,0.9949999999999999
2025-12-11T05:24:09.663865,0.305,0.695,1.0
2025-12-11T05:24:10.280093,0.315,0.685,1.0
2025-12-11T05:24:10.901774,0.315,0.685,1.0
2025-12-11T05:24:11.519816,0.325,0.675,1.0
2025-12-11T05:24:12.140800,0.325,0.675,1.0
2025-12-11T05:24:12.758843,0.315,0.685,1.0
2025-12-11T05:24:13.359701,0.315,0.685,1.0
2025-12-11T05:24:13.977128,0.315,0.685,1.0
2025-12-11T05:24:14.594642,0.315,0.685,1.0
2025-12-11T05:24:15.207973,0.315,0.685,1.0
2025-12-11T05:24:15.815747,0.315,0.685,1.0
2025-12-11T05:24:16.475946,0.325,0.675,1.0
2025-12-11T05:24:17.098032,0.325,0.675,1.0
2025-12-11T05:24:17.709340,0.325,0.675,1.0
2025-12-11T05:24:18.323852,0.325,0.675,1.0
2025-12-11T05:24:18.956990,0.325,0.675,1.0
2025-12-11T05:24:19.572454,0.32,0.68,1.0
2025-12-11T05:24:18.615558,0.32,0.68,1.0
2025-12-11T05:24:19.228866,0.32,0.68,1.0
2025-12-11T05:24:19.829730,0.32,0.68,1.0
2025-12-11T05:24:20.445482,0.315,0.685,1.0
2025-12-11T05:24:21.062850,0.315,0.685,1.0
2025-12-11T05:24:21.681026,0.315,0.685,1.0
2025-12-11T05:24:22.283756,0.315,0.685,1.0
2025-12-11T05:24:22.901675,0.315,0.685,1.0
2025-12-11T05:24:23.502545,0.315,0.685,1.0
2025-12-11T05:24:24.118933,0.315,0.685,1.0
2025-12-11T05:24:24.734844,0.315,0.685,1.0
2025-12-11T05:24:25.349498,0.315,0.685,1.0
2025-12-11T05:24:25.958295,0.315,0.685,1.0
2025-12-11T05:24:26.577617,0.315,0.685,1.0
2025-12-11T05:24:27.193242,0.315,0.685,1.0
2025-12-11T05:24:27.799110,0.3,0.705,1.005
2025-12-11T05:24:28.414860,0.305,0.695,1.0
2025-12-11T05:24:29.025803,0.305,0.695,1.0
2025-12-11T05:24:29.642195,0.305,0.695,1.0
2025-12-11T05:24:30.254006,0.305,0.695,1.0
2025-12-11T05:24:30.856409,0.305,0.695,1.0
2025-12-11T05:24:31.477761,0.29,0.715,1.005
2025-12-11T05:24:32.098966,0.28,0.72,1.0
2025-12-11T05:24:32.728766,0.28,0.715,0.995
2025-12-11T05:24:33.342832,0.285,0.715,1.0
2025-12-11T05:24:33.967932,0.285,0.715,1.0
2025-12-11T05:24:34.581015,0.285,0.715,1.0
2025-12-11T05:24:35.198883,0.285,0.715,1.0
2025-12-11T05:24:35.796523,0.285,0.715,1.0
2025-12-11T05:24:36.418100,0.29,0.705,0.9949999999999999
2025-12-11T05:24:37.038706,0.305,0.695,1.0
2025-12-11T05:24:37.657715,0.305,0.695,1.0
2025-12-11T05:24:38.269800,0.305,0.695,1.0
2025-12-11T05:24:38.883908,0.305,0.695,1.0
2025-12-11T05:24:39.491646,0.305,0.695,1.0
2025-12-11T05:24:40.138360,0.315,0.685,1.0
2025-12-11T05:24:40.755466,0.315,0.685,1.0
2025-12-11T05:24:41.365568,0.315,0.685,1.0
2025-12-11T05:24:41.977753,0.315,0.685,1.0
2025-12-11T05:24:42.593233,0.315,0.685,1.0
2025-12-11T05:24:43.203635,0.315,0.685,1.0
2025-12-11T05:24:43.801624,0.325,0.675,1.0
2025-12-11T05:24:44.411172,0.365,0.635,1.0
2025-12-11T05:24:45.027179,0.365,0.635,1.0
2025-12-11T05:24:45.646016,0.365,0.635,1.0
2025-12-11T05:24:46.262935,0.375,0.625,1.0
2025-12-11T05:24:46.877834,0.375,0.625,1.0
2025-12-11T05:24:47.492889,0.385,0.615,1.0
2025-12-11T05:24:48.107795,0.385,0.615,1.0
2025-12-11T05:24:48.721196,0.395,0.605,1.0
2025-12-11T05:24:49.337802,0.435,0.565,1.0
2025-12-11T05:24:49.946932,0.435,0.565,1.0
2025-12-11T05:24:48.993301,0.435,0.565,1.0
2025-12-11T05:24:49.606043,0.445,0.555,1.0
2025-12-11T05:24:50.217100,0.455,0.55,1.0050000000000001
2025-12-11T05:24:50.827453,0.455,0.545,1.0
2025-12-11T05:24:51.445088,0.445,0.555,1.0
2025-12-11T05:24:52.064147,0.445,0.555,1.0
2025-12-11T05:24:52.688729,0.445,0.555,1.0
2025-12-11T05:24:53.307413,0.445,0.555,1.0
2025-12-11T05:24:53.919926,0.445,0.555,1.0
2025-12-11T05:24:54.539225,0.455,0.545,1.0
2025-12-11T05:24:55.190661,0.465,0.535,1.0
2025-12-11T05:24:55.801135,0.465,0.535,1.0
2025-12-11T05:24:56.403997,0.47,0.535,1.005
2025-12-11T05:24:57.014458,0.445,0.555,1.0
2025-12-11T05:24:57.633354,0.405,0.6,1.005
2025-12-11T05:24:58.230374,0.365,0.635,1.0
2025-12-11T05:24:58.842731,0.345,0.655,1.0
2025-12-11T05:24:59.460373,0.345,0.655,1.0
2025-12-11T05:25:00.105574,0.35,0.65,1.0
2025-12-11T05:25:00.722888,0.37,0.63,1.0
2025-12-11T05:25:01.344405,0.37,0.635,1.005
2025-12-11T05:25:01.966023,0.355,0.645,1.0
2025-12-11T05:25:02.577353,0.365,0.64,1.005
2025-12-11T05:25:03.191227,0.365,0.635,1.0
2025-12-11T05:25:03.802779,0.365,0.635,1.0
2025-12-11T05:25:04.426034,0.345,0.655,1.0
2025-12-11T05:25:05.045986,0.365,0.635,1.0
2025-12-11T05:25:05.656789,0.355,0.64,0.995
2025-12-11T05:25:06.254916,0.375,0.625,1.0
2025-12-11T05:25:06.868842,0.375,0.625,1.0
2025-12-11T05:25:07.482715,0.375,0.625,1.0
2025-12-11T05:25:08.103425,0.375,0.625,1.0
2025-12-11T05:25:08.713448,0.375,0.625,1.0
2025-12-11T05:25:09.332461,0.375,0.63,1.005
2025-12-11T05:25:09.956541,0.365,0.635,1.0
2025-12-11T05:25:10.573347,0.345,0.655,1.0
2025-12-11T05:25:11.190114,0.335,0.665,1.0
2025-12-11T05:25:11.810806,0.33,0.67,1.0
2025-12-11T05:25:12.420712,0.325,0.675,1.0
2025-12-11T05:25:13.037309,0.325,0.675,1.0
2025-12-11T05:25:13.648667,0.32,0.68,1.0
2025-12-11T05:25:14.248168,0.335,0.665,1.0
2025-12-11T05:25:14.867171,0.33,0.665,0.9950000000000001
2025-12-11T05:25:15.484599,0.33,0.67,1.0
2025-12-11T05:25:16.103213,0.335,0.665,1.0
2025-12-11T05:25:16.715177,0.345,0.655,1.0
2025-12-11T05:25:17.329244,0.355,0.645,1.0
2025-12-11T05:25:17.948693,0.355,0.645,1.0
2025-12-11T05:25:18.555678,0.37,0.63,1.0
2025-12-11T05:25:19.175433,0.37,0.63,1.0
2025-12-11T05:25:19.792474,0.37,0.63,1.0
2025-12-11T05:25:20.403407,0.375,0.625,1.0
2025-12-11T05:25:21.017811,0.385,0.62,1.005
2025-12-11T05:25:20.064927,0.375,0.625,1.0
2025-12-11T05:25:20.674225,0.375,0.625,1.0
2025-12-11T05:25:21.286596,0.385,0.615,1.0
2025-12-11T05:25:21.905945,0.395,0.605,1.0
2025-12-11T05:25:22.520614,0.395,0.605,1.0
2025-12-11T05:25:23.131882,0.395,0.605,1.0
2025-12-11T05:25:23.733610,0.395,0.605,1.0
2025-12-11T05:25:24.355541,0.395,0.61,1.005
2025-12-11T05:25:24.961635,0.395,0.605,1.0
2025-12-11T05:25:25.588584,0.395,0.605,1.0
2025-12-11T05:25:26.203729,0.395,0.605,1.0
2025-12-11T05:25:26.820185,0.385,0.615,1.0
2025-12-11T05:25:27.430442,0.385,0.615,1.0
2025-12-11T05:25:28.038656,0.36,0.64,1.0
2025-12-11T05:25:28.659240,0.355,0.645,1.0
2025-12-11T05:25:29.274660,0.36,0.64,1.0
2025-12-11T05:25:29.902591,0.365,0.635,1.0
2025-12-11T05:25:30.542994,0.37,0.63,1.0
2025-12-11T05:25:31.156300,0.365,0.635,1.0
2025-12-11T05:25:31.776573,0.365,0.635,1.0
2025-12-11T05:25:32.379585,0.365,0.635,1.0
2025-12-11T05:25:32.995470,0.365,0.635,1.0
2025-12-11T05:25:33.610447,0.365,0.635,1.0
2025-12-11T05:25:34.227521,0.365,0.635,1.0
2025-12-11T05:25:34.843133,0.395,0.605,1.0
2025-12-11T05:25:35.460651,0.44,0.555,0.9950000000000001
2025-12-11T05:25:36.113744,0.455,0.545,1.0
2025-12-11T05:25:36.721549,0.45,0.545,0.9950000000000001
2025-12-11T05:25:37.341222,0.455,0.545,1.0
2025-12-11T05:25:37.955851,0.465,0.535,1.0
2025-12-11T05:25:38.568217,0.48,0.52,1.0
2025-12-11T05:25:39.180280,0.485,0.515,1.0
2025-12-11T05:25:39.791530,0.49,0.51,1.0
2025-12-11T05:25:40.408396,0.495,0.505,1.0
2025-12-11T05:25:41.022258,0.495,0.505,1.0
2025-12-11T05:25:41.635287,0.495,0.505,1.0
2025-12-11T05:25:42.261345,0.495,0.505,1.0
2025-12-11T05:25:42.881083,0.485,0.515,1.0
2025-12-11T05:25:43.497036,0.495,0.505,1.0
2025-12-11T05:25:44.117963,0.495,0.505,1.0
2025-12-11T05:25:44.720379,0.5,0.5,1.0
2025-12-11T05:25:45.333133,0.505,0.495,1.0
2025-12-11T05:25:45.952583,0.515,0.485,1.0
2025-12-11T05:25:46.570802,0.535,0.465,1.0
2025-12-11T05:25:47.189319,0.535,0.465,1.0
2025-12-11T05:25:47.804970,0.53,0.47,1.0
2025-12-11T05:25:48.413969,0.545,0.455,1.0
2025-12-11T05:25:49.037269,0.545,0.455,1.0
2025-12-11T05:25:49.648166,0.55,0.45,1.0
2025-12-11T05:25:50.264729,0.555,0.435,0.99
2025-12-11T05:25:50.878723,0.565,0.435,1.0
2025-12-11T05:25:51.486610,0.56,0.435,0.9950000000000001
2025-12-11T05:25:50.527928,0.575,0.435,1.01
2025-12-11T05:25:51.136844,0.575,0.425,1.0
2025-12-11T05:25:51.751980,0.575,0.415,0.99
2025-12-11T05:25:52.360732,0.58,0.42,1.0
2025-12-11T05:25:52.989354,0.575,0.425,1.0
2025-12-11T05:25:53.626826,0.61,0.315,0.925
2025-12-11T05:25:54.245146,0.725,0.23,0.955
2025-12-11T05:25:54.863957,0.675,0.325,1.0
2025-12-11T05:25:55.481497,0.645,0.355,1.0
2025-12-11T05:25:56.092563,0.63,0.375,1.005
2025-12-11T05:25:56.710591,0.59,0.41,1.0
2025-12-11T05:25:57.327280,0.585,0.415,1.0
2025-12-11T05:25:57.944397,0.59,0.41,1.0
2025-12-11T05:25:58.558632,0.595,0.405,1.0
2025-12-11T05:25:59.157759,0.59,0.41,1.0
2025-12-11T05:25:59.765870,0.595,0.4,0.995
2025-12-11T05:26:00.377360,0.605,0.395,1.0
2025-12-11T05:26:01.250552,0.595,0.41,1.005
2025-12-11T05:26:01.879634,0.595,0.405,1.0
2025-12-11T05:26:02.490145,0.56,0.44,1.0
2025-12-11T05:26:03.097866,0.535,0.465,1.0
2025-12-11T05:26:03.704348,0.51,0.505,1.0150000000000001
2025-12-11T05:26:04.300776,0.485,0.515,1.0
2025-12-11T05:26:04.936715,0.465,0.535,1.0
2025-12-11T05:26:05.540916,0.46,0.54,1.0
2025-12-11T05:26:06.139900,0.455,0.545,1.0
2025-12-11T05:26:06.746710,0.455,0.545,1.0
2025-12-11T05:26:07.349753,0.475,0.525,1.0
2025-12-11T05:26:07.951894,0.475,0.525,1.0
2025-12-11T05:26:08.565811,0.475,0.525,1.0
2025-12-11T05:26:09.167538,0.47,0.53,1.0
2025-12-11T05:26:09.771112,0.475,0.525,1.0
2025-12-11T05:26:10.370015,0.485,0.515,1.0
2025-12-11T05:26:10.971791,0.485,0.515,1.0
2025-12-11T05:26:11.574154,0.48,0.52,1.0
2025-12-11T05:26:12.174148,0.48,0.52,1.0
2025-12-11T05:26:12.777857,0.485,0.515,1.0
2025-12-11T05:26:13.448802,0.485,0.515,1.0
2025-12-11T05:26:14.046016,0.485,0.515,1.0
2025-12-11T05:26:14.656475,0.485,0.515,1.0
2025-12-11T05:26:15.252865,0.495,0.505,1.0
2025-12-11T05:26:15.864162,0.495,0.505,1.0
2025-12-11T05:26:16.467458,0.49,0.51,1.0
2025-12-11T05:26:17.072205,0.485,0.515,1.0
2025-12-11T05:26:17.675515,0.485,0.515,1.0
2025-12-11T05:26:18.282301,0.485,0.515,1.0
2025-12-11T05:26:18.890481,0.48,0.52,1.0
2025-12-11T05:26:19.492614,0.48,0.52,1.0
2025-12-11T05:26:20.104267,0.48,0.52,1.0
2025-12-11T05:26:20.708076,0.48,0.52,1.0
2025-12-11T05:26:21.307542,0.475,0.525,1.0
2025-12-11T05:26:21.902687,0.48,0.52,1.0
2025-12-11T05:26:20.927968,0.48,0.52,1.0
2025-12-11T05:26:21.533965,0.475,0.525,1.0
2025-12-11T05:26:22.144951,0.475,0.525,1.0
2025-12-11T05:26:22.743888,0.475,0.525,1.0
2025-12-11T05:26:23.349035,0.48,0.52,1.0
2025-12-11T05:26:23.958384,0.48,0.52,1.0
2025-12-11T05:26:24.567488,0.485,0.515,1.0
2025-12-11T05:26:25.172597,0.485,0.515,1.0
2025-12-11T05:26:25.774208,0.48,0.52,1.0
2025-12-11T05:26:26.374152,0.48,0.52,1.0
2025-12-11T05:26:26.992782,0.475,0.525,1.0
2025-12-11T05:26:27.613061,0.465,0.535,1.0
2025-12-11T05:26:28.221928,0.48,0.515,0.995
2025-12-11T05:26:28.831037,0.485,0.515,1.0
2025-12-11T05:26:29.444251,0.485,0.515,1.0
2025-12-11T05:26:30.051380,0.485,0.515,1.0
2025-12-11T05:26:30.663291,0.48,0.52,1.0
2025-12-11T05:26:31.284868,0.49,0.51,1.0
2025-12-11T05:26:31.889002,0.49,0.51,1.0
2025-12-11T05:26:32.487834,0.49,0.51,1.0
2025-12-11T05:26:33.088266,0.49,0.51,1.0
2025-12-11T05:26:33.687352,0.49,0.51,1.0
2025-12-11T05:26:34.319162,0.485,0.515,1.0
2025-12-11T05:26:34.929219,0.475,0.535,1.01
2025-12-11T05:26:35.538243,0.435,0.565,1.0
2025-12-11T05:26:36.152934,0.425,0.575,1.0
2025-12-11T05:26:36.755786,0.395,0.605,1.0
2025-12-11T05:26:37.359387,0.365,0.64,1.005
2025-12-11T05:26:37.965056,0.355,0.645,1.0
2025-12-11T05:26:38.572434,0.375,0.615,0.99
2025-12-11T05:26:39.182297,0.37,0.63,1.0
2025-12-11T05:26:39.794331,0.365,0.635,1.0
2025-12-11T05:26:40.405840,0.375,0.625,1.0
2025-12-11T05:26:41.016328,0.375,0.625,1.0
2025-12-11T05:26:41.627953,0.375,0.625,1.0
2025-12-11T05:26:42.234898,0.37,0.63,1.0
2025-12-11T05:26:42.845353,0.36,0.645,1.005
2025-12-11T05:26:43.449221,0.34,0.66,1.0
2025-12-11T05:26:44.057785,0.3,0.705,1.005
2025-12-11T05:26:44.688804,0.315,0.68,0.9950000000000001
2025-12-11T05:26:45.299627,0.33,0.67,1.0
2025-12-11T05:26:45.905318,0.315,0.685,1.0
2025-12-11T05:26:46.517576,0.315,0.675,0.99
2025-12-11T05:26:47.125582,0.335,0.665,1.0
2025-12-11T05:26:47.726044,0.325,0.675,1.0
2025-12-11T05:26:48.332427,0.325,0.675,1.0
2025-12-11T05:26:48.928841,0.32,0.68,1.0
2025-12-11T05:26:49.549707,0.315,0.685,1.0
2025-12-11T05:26:50.167078,0.315,0.685,1.0
2025-12-11T05:26:50.779703,0.315,0.685,1.0
2025-12-11T05:26:51.378909,0.315,0.685,1.0
2025-12-11T05:26:51.993557,0.315,0.685,1.0
2025-12-11T05:26:52.599740,0.315,0.685,1.0
2025-12-11T05:26:51.643227,0.315,0.685,1.0
2025-12-11T05:26:52.271162,0.315,0.685,1.0
2025-12-11T05:26:52.882274,0.315,0.685,1.0
2025-12-11T05:26:53.500012,0.315,0.685,1.0
2025-12-11T05:26:54.119345,0.325,0.675,1.0
2025-12-11T05:26:54.732146,0.325,0.675,1.0
2025-12-11T05:26:55.345465,0.325,0.675,1.0
2025-12-11T05:26:55.947455,0.335,0.665,1.0
2025-12-11T05:26:56.551493,0.34,0.655,0.9950000000000001
2025-12-11T05:26:57.150138,0.34,0.655,0.9950000000000001
2025-12-11T05:26:57.757960,0.375,0.625,1.0
2025-12-11T05:26:58.369037,0.42,0.58,1.0
2025-12-11T05:26:58.976642,0.43,0.59,1.02
2025-12-11T05:26:59.580103,0.42,0.575,0.9949999999999999
2025-12-11T05:27:00.194466,0.43,0.57,1.0
2025-12-11T05:27:00.816477,0.435,0.565,1.0
2025-12-11T05:27:01.422983,0.46,0.54,1.0
2025-12-11T05:27:02.031191,0.495,0.48,0.975
2025-12-11T05:27:02.625944,0.605,0.39,0.995
2025-12-11T05:27:03.226974,0.555,0.445,1.0
2025-12-11T05:27:03.841500,0.575,0.425,1.0
2025-12-11T05:27:04.450171,0.59,0.425,1.015
2025-12-11T05:27:05.066934,0.59,0.41,1.0
2025-12-11T05:27:05.687753,0.595,0.405,1.0
2025-12-11T05:27:06.311452,0.57,0.435,1.005
2025-12-11T05:27:06.925640,0.555,0.425,0.98
2025-12-11T05:27:07.550895,0.575,0.425,1.0
2025-12-11T05:27:08.160346,0.58,0.42,1.0
2025-12-11T05:27:08.779159,0.585,0.415,1.0
2025-12-11T05:27:09.395485,0.585,0.415,1.0
2025-12-11T05:27:10.016124,0.585,0.415,1.0
2025-12-11T05:27:10.631512,0.585,0.415,1.0
2025-12-11T05:27:11.248896,0.58,0.42,1.0
2025-12-11T05:27:11.866342,0.575,0.425,1.0
2025-12-11T05:27:12.501375,0.575,0.425,1.0
2025-12-11T05:27:13.113644,0.57,0.43,1.0
2025-12-11T05:27:13.733313,0.555,0.445,1.0
2025-12-11T05:27:14.347315,0.56,0.44,1.0
2025-12-11T05:27:14.964341,0.56,0.44,1.0
2025-12-11T05:27:15.582347,0.555,0.445,1.0
2025-12-11T05:27:16.192397,0.53,0.47,1.0
2025-12-11T05:27:16.814199,0.525,0.49,1.0150000000000001
2025-12-11T05:27:17.427374,0.505,0.495,1.0
2025-12-11T05:27:18.035284,0.505,0.495,1.0
2025-12-11T05:27:18.653744,0.505,0.495,1.0
2025-12-11T05:27:19.266592,0.505,0.495,1.0
2025-12-11T05:27:19.903291,0.505,0.495,1.0
2025-12-11T05:27:20.515978,0.515,0.485,1.0
2025-12-11T05:27:21.129766,0.53,0.465,0.9950000000000001
2025-12-11T05:27:21.744693,0.53,0.47,1.0
2025-12-11T05:27:22.361317,0.525,0.475,1.0
2025-12-11T05:27:22.976730,0.505,0.495,1.0
2025-12-11T05:27:23.594354,0.51,0.49,1.0
2025-12-11T05:27:22.626364,0.535,0.465,1.0
2025-12-11T05:27:23.238720,0.555,0.445,1.0
2025-12-11T05:27:23.851161,0.56,0.44,1.0
2025-12-11T05:27:24.461282,0.56,0.44,1.0
2025-12-11T05:27:25.075467,0.57,0.43,1.0
2025-12-11T05:27:25.681007,0.57,0.43,1.0
2025-12-11T05:27:26.293109,0.585,0.415,1.0
2025-12-11T05:27:26.901636,0.59,0.41,1.0
2025-12-11T05:27:27.514685,0.595,0.405,1.0
2025-12-11T05:27:28.133432,0.605,0.395,1.0
2025-12-11T05:27:28.998889,0.615,0.4,1.0150000000000001
2025-12-11T05:27:29.614386,0.59,0.41,1.0
2025-12-11T05:27:30.230609,0.605,0.395,1.0
2025-12-11T05:27:30.839695,0.585,0.41,0.9949999999999999
2025-12-11T05:27:31.453243,0.59,0.41,1.0
2025-12-11T05:27:32.066599,0.595,0.405,1.0
2025-12-11T05:27:32.679742,0.605,0.395,1.0
2025-12-11T05:27:33.297355,0.605,0.395,1.0
2025-12-11T05:27:33.911613,0.605,0.395,1.0
2025-12-11T05:27:34.516093,0.615,0.385,1.0
2025-12-11T05:27:35.129741,0.585,0.42,1.005
2025-12-11T05:27:35.742941,0.525,0.505,1.03
2025-12-11T05:27:36.353497,0.495,0.505,1.0
2025-12-11T05:27:36.971365,0.5,0.495,0.995
2025-12-11T05:27:37.583942,0.52,0.48,1.0
2025-12-11T05:27:38.203101,0.49,0.51,1.0
2025-12-11T05:27:38.828962,0.5,0.5,1.0
2025-12-11T05:27:39.442558,0.465,0.535,1.0
2025-12-11T05:27:40.058939,0.48,0.52,1.0
2025-12-11T05:27:40.675148,0.455,0.545,1.0
2025-12-11T05:27:41.287954,0.455,0.545,1.0
2025-12-11T05:27:41.910780,0.475,0.525,1.0
2025-12-11T05:27:42.518797,0.485,0.515,1.0
2025-12-11T05:27:43.132247,0.47,0.525,0.995
2025-12-11T05:27:43.745445,0.47,0.53,1.0
2025-12-11T05:27:44.368171,0.48,0.515,0.995
2025-12-11T05:27:44.978973,0.495,0.505,1.0
2025-12-11T05:27:45.584106,0.485,0.515,1.0
2025-12-11T05:27:46.202727,0.49,0.51,1.0
2025-12-11T05:27:46.823191,0.49,0.51,1.0
2025-12-11T05:27:47.454831,0.49,0.51,1.0
2025-12-11T05:27:48.074041,0.49,0.51,1.0
2025-12-11T05:27:48.681637,0.49,0.51,1.0
2025-12-11T05:27:49.306832,0.49,0.51,1.0
2025-12-11T05:27:49.915583,0.495,0.505,1.0
2025-12-11T05:27:50.525291,0.49,0.51,1.0
2025-12-11T05:27:51.150575,0.485,0.515,1.0
2025-12-11T05:27:51.773024,0.49,0.51,1.0
2025-12-11T05:27:52.387149,0.49,0.51,1.0
2025-12-11T05:27:53.003091,0.49,0.51,1.0
2025-12-11T05:27:53.614690,0.475,0.525,1.0
2025-12-11T05:27:54.232358,0.425,0.605,1.03
2025-12-11T05:27:53.257658,0.35,0.655,1.005
2025-12-11T05:27:53.870141,0.345,0.665,1.01
2025-12-11T05:27:54.481426,0.325,0.665,0.99
2025-12-11T05:27:55.090731,0.34,0.66,1.0
2025-12-11T05:27:55.701386,0.365,0.635,1.0
2025-12-11T05:27:56.313757,0.36,0.64,1.0
2025-12-11T05:27:56.919880,0.355,0.645,1.0
2025-12-11T05:27:57.536973,0.35,0.65,1.0
2025-12-11T05:27:58.154445,0.35,0.65,1.0
2025-12-11T05:27:58.755419,0.345,0.655,1.0
2025-12-11T05:27:59.365522,0.34,0.66,1.0
2025-12-11T05:27:59.981028,0.335,0.665,1.0
2025-12-11T05:28:00.599422,0.34,0.66,1.0
2025-12-11T05:28:01.206422,0.335,0.665,1.0
2025-12-11T05:28:01.818671,0.325,0.675,1.0
2025-12-11T05:28:02.429077,0.29,0.71,1.0
2025-12-11T05:28:03.042120,0.3,0.7,1.0
2025-12-11T05:28:03.655585,0.355,0.645,1.0
2025-12-11T05:28:04.266994,0.345,0.655,1.0
2025-12-11T05:28:04.868986,0.275,0.725,1.0
2025-12-11T05:28:05.489203,0.225,0.775,1.0
2025-12-11T05:28:06.100310,0.165,0.835,1.0
2025-12-11T05:28:06.711139,0.155,0.83,0.985
2025-12-11T05:28:07.332845,0.165,0.835,1.0
2025-12-11T05:28:07.948964,0.185,0.82,1.005
2025-12-11T05:28:08.563912,0.18,0.82,1.0
2025-12-11T05:28:09.176650,0.185,0.815,1.0
2025-12-11T05:28:09.797567,0.2,0.805,1.0050000000000001
2025-12-11T05:28:10.415580,0.17,0.83,1.0
2025-12-11T05:28:11.031784,0.185,0.815,1.0
2025-12-11T05:28:11.666926,0.165,0.845,1.01
2025-12-11T05:28:12.278039,0.15,0.855,1.005
2025-12-11T05:28:12.888679,0.145,0.855,1.0
2025-12-11T05:28:13.501907,0.175,0.825,1.0
2025-12-11T05:28:14.120794,0.175,0.82,0.9949999999999999
2025-12-11T05:28:14.736726,0.17,0.83,1.0
2025-12-11T05:28:15.357185,0.175,0.825,1.0
2025-12-11T05:28:15.967010,0.16,0.84,1.0
2025-12-11T05:28:16.587478,0.155,0.845,1.0
2025-12-11T05:28:17.211850,0.09,0.91,1.0
2025-12-11T05:28:17.836756,0.115,0.885,1.0
2025-12-11T05:28:18.454312,0.125,0.875,1.0
2025-12-11T05:28:19.069958,0.095,0.91,1.0050000000000001
2025-12-11T05:28:19.686277,0.07,0.925,0.9950000000000001
2025-12-11T05:28:20.302627,0.065,0.935,1.0
2025-12-11T05:28:20.910784,0.055,0.935,0.9900000000000001
2025-12-11T05:28:21.523146,0.07,0.93,1.0
2025-12-11T05:28:22.143184,0.065,0.935,1.0
2025-12-11T05:28:22.755251,0.07,0.93,1.0
2025-12-11T05:28:23.367811,0.07,0.93,1.0
2025-12-11T05:28:23.977248,0.07,0.93,1.0
2025-12-11T05:28:24.593494,0.07,0.935,1.0050000000000001
2025-12-11T05:28:23.642627,0.07,0.93,1.0
2025-12-11T05:28:24.256791,0.055,0.94,0.995
2025-12-11T05:28:24.869313,0.045,0.955,1.0
2025-12-11T05:28:25.493697,0.06,0.94,1.0
2025-12-11T05:28:26.108264,0.05,0.95,1.0
2025-12-11T05:28:26.722452,0.05,0.945,0.995
2025-12-11T05:28:27.325744,0.055,0.945,1.0
2025-12-11T05:28:27.940623,0.065,0.935,1.0
2025-12-11T05:28:28.562939,0.065,0.935,1.0
2025-12-11T05:28:29.171589,0.065,0.935,1.0
2025-12-11T05:28:29.790139,0.065,0.935,1.0
2025-12-11T05:28:30.404202,0.06,0.94,1.0
2025-12-11T05:28:31.016189,0.06,0.94,1.0
2025-12-11T05:28:31.625917,0.065,0.935,1.0
2025-12-11T05:28:32.246318,0.07,0.93,1.0
2025-12-11T05:28:32.864244,0.065,0.935,1.0
2025-12-11T05:28:33.479766,0.065,0.935,1.0
2025-12-11T05:28:34.094496,0.07,0.925,0.9950000000000001
2025-12-11T05:28:34.707925,0.075,0.925,1.0
2025-12-11T05:28:35.310244,0.065,0.935,1.0
2025-12-11T05:28:35.923913,0.08,0.92,1.0
2025-12-11T05:28:36.538591,0.095,0.905,1.0
2025-12-11T05:28:37.150403,0.095,0.905,1.0
2025-12-11T05:28:37.771366,0.095,0.905,1.0
2025-12-11T05:28:38.379641,0.105,0.895,1.0
2025-12-11T05:28:38.995410,0.105,0.905,1.01
2025-12-11T05:28:39.624436,0.1,0.9,1.0
2025-12-11T05:28:40.239073,0.095,0.905,1.0
2025-12-11T05:28:40.852539,0.085,0.915,1.0
2025-12-11T05:28:41.463730,0.085,0.915,1.0
2025-12-11T05:28:42.082368,0.085,0.915,1.0
2025-12-11T05:28:42.699170,0.065,0.935,1.0
2025-12-11T05:28:43.302373,0.07,0.93,1.0
2025-12-11T05:28:43.917823,0.065,0.935,1.0
2025-12-11T05:28:44.527384,0.06,0.945,1.005
2025-12-11T05:28:45.138912,0.06,0.94,1.0
2025-12-11T05:28:45.754772,0.06,0.94,1.0
2025-12-11T05:28:46.367306,0.055,0.945,1.0
2025-12-11T05:28:46.980618,0.055,0.945,1.0
2025-12-11T05:28:47.591954,0.04,0.955,0.995
2025-12-11T05:28:48.204565,0.045,0.955,1.0
2025-12-11T05:28:48.819774,0.05,0.95,1.0
2025-12-11T05:28:49.434435,0.06,0.94,1.0
2025-12-11T05:28:50.046525,0.065,0.935,1.0
2025-12-11T05:28:50.661961,0.07,0.93,1.0
2025-12-11T05:28:51.256108,0.07,0.93,1.0
2025-12-11T05:28:51.871727,0.07,0.93,1.0
2025-12-11T05:28:52.492249,0.065,0.935,1.0
2025-12-11T05:28:53.101890,0.06,0.94,1.0
2025-12-11T05:28:53.712805,0.06,0.94,1.0
2025-12-11T05:28:54.324153,0.07,0.93,1.0
2025-12-11T05:28:54.943084,0.075,0.925,1.0
2025-12-11T05:28:55.557969,0.075,0.925,1.0
2025-12-11T05:28:54.599308,0.075,0.925,1.0
2025-12-11T05:28:55.219371,0.07,0.93,1.0
2025-12-11T05:28:55.830153,0.07,0.93,1.0
2025-12-11T05:28:56.428543,0.065,0.935,1.0
2025-12-11T05:28:57.040174,0.065,0.935,1.0
2025-12-11T05:28:57.652234,0.07,0.93,1.0
2025-12-11T05:28:58.260258,0.07,0.93,1.0
2025-12-11T05:28:58.874621,0.085,0.91,0.995
2025-12-11T05:28:59.480761,0.075,0.915,0.99
2025-12-11T05:29:00.094916,0.085,0.915,1.0
2025-12-11T05:29:00.703930,0.085,0.92,1.0050000000000001
2025-12-11T05:29:01.320573,0.085,0.92,1.0050000000000001
2025-12-11T05:29:01.937733,0.085,0.915,1.0
2025-12-11T05:29:02.565192,0.055,0.945,1.0
2025-12-11T05:29:03.181242,0.045,0.955,1.0
2025-12-11T05:29:03.799127,0.05,0.95,1.0
2025-12-11T05:29:04.413351,0.055,0.945,1.0
2025-12-11T05:29:05.030076,0.075,0.925,1.0
2025-12-11T05:29:05.649414,0.07,0.93,1.0
2025-12-11T05:29:06.262766,0.07,0.93,1.0
2025-12-11T05:29:06.885040,0.07,0.93,1.0
2025-12-11T05:29:07.500343,0.06,0.94,1.0
2025-12-11T05:29:08.114704,0.065,0.935,1.0
2025-12-11T05:29:08.734305,0.065,0.935,1.0
2025-12-11T05:29:09.347727,0.065,0.935,1.0
2025-12-11T05:29:09.959125,0.055,0.945,1.0
2025-12-11T05:29:10.572712,0.055,0.945,1.0
2025-12-11T05:29:11.185694,0.05,0.95,1.0
2025-12-11T05:29:11.800876,0.05,0.95,1.0
2025-12-11T05:29:12.412447,0.05,0.95,1.0
2025-12-11T05:29:13.118842,0.045,0.955,1.0
2025-12-11T05:29:13.714258,0.04,0.96,1.0
2025-12-11T05:29:14.325751,0.04,0.96,1.0
2025-12-11T05:29:14.940946,0.025,0.975,1.0
2025-12-11T05:29:15.554782,0.025,0.975,1.0
2025-12-11T05:29:16.166978,0.025,0.975,1.0
2025-12-11T05:29:16.771984,0.025,0.975,1.0
2025-12-11T05:29:17.384661,0.025,0.975,1.0
2025-12-11T05:29:18.004090,0.015,0.985,1.0
2025-12-11T05:29:18.617168,0.02,0.98,1.0
2025-12-11T05:29:19.230604,0.025,0.975,1.0
2025-12-11T05:29:19.843684,0.025,0.975,1.0
2025-12-11T05:29:20.451064,0.025,0.975,1.0
2025-12-11T05:29:21.131022,0.025,0.98,1.005
2025-12-11T05:29:21.732454,0.02,0.98,1.0
2025-12-11T05:29:22.346683,0.025,0.975,1.0
2025-12-11T05:29:22.967270,0.045,0.955,1.0
2025-12-11T05:29:23.579653,0.03,0.97,1.0
2025-12-11T05:29:24.203781,0.025,0.975,1.0
2025-12-11T05:29:24.817212,0.045,0.955,1.0
2025-12-11T05:29:25.424900,0.055,0.945,1.0
2025-12-11T05:29:26.038543,0.055,0.945,1.0
2025-12-11T05:29:25.064961,0.055,0.945,1.0
2025-12-11T05:29:25.679399,0.055,0.945,1.0
2025-12-11T05:29:26.295036,0.055,0.945,1.0
2025-12-11T05:29:26.911791,0.055,0.945,1.0
2025-12-11T05:29:27.525447,0.055,0.945,1.0
2025-12-11T05:29:28.125127,0.055,0.945,1.0
2025-12-11T05:29:28.736980,0.035,0.965,1.0
2025-12-11T05:29:29.347982,0.035,0.965,1.0
2025-12-11T05:29:29.959047,0.035,0.965,1.0
2025-12-11T05:29:30.570105,0.035,0.965,1.0
2025-12-11T05:29:31.189436,0.035,0.965,1.0
2025-12-11T05:29:31.813448,0.015,0.985,1.0
2025-12-11T05:29:32.424939,0.015,0.985,1.0
2025-12-11T05:29:33.044943,0.015,0.985,1.0
2025-12-11T05:29:33.665836,0.015,0.985,1.0
2025-12-11T05:29:34.278901,0.015,0.985,1.0
2025-12-11T05:29:34.889804,0.015,0.985,1.0
2025-12-11T05:29:35.499275,0.015,0.985,1.0
2025-12-11T05:29:36.100291,0.015,0.985,1.0
2025-12-11T05:29:36.702804,0.015,0.985,1.0
2025-12-11T05:29:37.306962,0.015,0.985,1.0
2025-12-11T05:29:37.916271,0.005,0.995,1.0
2025-12-11T05:29:38.523808,0.005,0.995,1.0
2025-12-11T05:29:39.140002,0.005,0.995,1.0
2025-12-11T05:29:39.737198,0.005,0.995,1.0
2025-12-11T05:29:40.349252,0.005,0.995,1.0
2025-12-11T05:29:40.981270,0.005,0.995,1.0
2025-12-11T05:29:41.592058,0.005,0.995,1.0
2025-12-11T05:29:42.190519,0.005,0.995,1.0
2025-12-11T05:29:42.790159,0.005,0.995,1.0
2025-12-11T05:29:43.402223,0.005,0.995,1.0
2025-12-11T05:29:43.996242,0.005,0.995,1.0
2025-12-11T05:29:44.608867,0.005,0.995,1.0
2025-12-11T05:29:45.219339,0.04,0.955,0.995
2025-12-11T05:29:45.837946,0.035,0.96,0.995
2025-12-11T05:29:46.449774,0.03,0.97,1.0
2025-12-11T05:29:47.069899,0.045,0.955,1.0
2025-12-11T05:29:47.676757,0.05,0.95,1.0
2025-12-11T05:29:48.292485,0.04,0.96,1.0
2025-12-11T05:29:48.905778,0.06,0.945,1.005
2025-12-11T05:29:49.517343,0.075,0.925,1.0
2025-12-11T05:29:50.119259,0.095,0.91,1.0050000000000001
2025-12-11T05:29:50.744375,0.095,0.905,1.0
2025-12-11T05:29:51.353059,0.095,0.895,0.99
2025-12-11T05:29:51.967670,0.105,0.895,1.0
2025-12-11T05:29:52.574075,0.11,0.89,1.0
2025-12-11T05:29:53.183868,0.105,0.9,1.0050000000000001
2025-12-11T05:29:53.789902,0.105,0.905,1.01
2025-12-11T05:29:54.401784,0.125,0.88,1.005
2025-12-11T05:29:55.018400,0.1,0.89,0.99
2025-12-11T05:29:55.626794,0.095,0.905,1.0
2025-12-11T05:29:56.237623,0.09,0.91,1.0
2025-12-11T05:29:56.848562,0.075,0.925,1.0
2025-12-11T05:29:55.881055,0.07,0.935,1.0050000000000001
2025-12-11T05:29:56.497463,0.05,0.95,1.0
2025-12-11T05:29:57.089775,0.05,0.955,1.005
2025-12-11T05:29:57.697161,0.065,0.935,1.0
2025-12-11T05:29:58.295263,0.035,0.97,1.005
2025-12-11T05:29:58.903490,0.005,0.995,1.0
2025-12-11T05:29:59.514480,0.005,0.995,1.0
2025-12-11T05:30:00.127685,0.005,0.995,1.0
2025-12-11T05:30:00.738482,0.005,0.995,1.0
2025-12-11T05:30:01.395896,0.005,0.995,1.0
2025-12-11T05:30:02.017572,0.005,0.995,1.0
2025-12-11T05:30:02.618024,0.005,0.995,1.0
2025-12-11T05:30:03.227690,0.005,0.995,1.0
2025-12-11T05:30:03.841518,0.005,0.995,1.0
2025-12-11T05:30:04.452378,0.005,0.995,1.0
2025-12-11T05:30:05.062973,0.005,0.995,1.0
2025-12-11T05:30:05.676954,0.005,0.995,1.0
2025-12-11T05:30:06.295577,0.005,0.995,1.0
2025-12-11T05:30:06.909132,0.005,0.995,1.0
2025-12-11T05:30:07.530523,0.005,0.995,1.0
2025-12-11T05:30:08.156265,0.005,0.995,1.0
2025-12-11T05:30:08.829059,0.005,0.995,1.0
2025-12-11T05:30:09.439814,0.005,0.995,1.0
2025-12-11T05:30:10.056460,0.005,0.995,1.0
2025-12-11T05:30:10.661125,0.005,0.995,1.0
2025-12-11T05:30:11.275802,0.005,0.995,1.0
2025-12-11T05:30:11.886916,0.005,0.995,1.0
2025-12-11T05:30:12.505986,0.005,0.995,1.0
2025-12-11T05:30:13.122021,0.005,0.995,1.0
2025-12-11T05:30:13.736233,0.005,0.995,1.0
2025-12-11T05:30:14.345565,0.005,0.995,1.0
2025-12-11T05:30:14.956068,0.005,0.995,1.0
2025-12-11T05:30:15.570688,0.005,0.995,1.0
2025-12-11T05:30:16.182356,0.005,0.995,1.0
2025-12-11T05:30:16.793162,0.005,0.995,1.0
2025-12-11T05:30:17.411531,0.005,0.995,1.0
2025-12-11T05:30:18.036501,0.005,0.995,1.0
2025-12-11T05:30:18.642041,0.005,0.995,1.0
2025-12-11T05:30:19.251222,0.005,0.995,1.0
2025-12-11T05:30:19.865611,0.005,0.995,1.0
2025-12-11T05:30:20.486738,0.005,0.995,1.0
2025-12-11T05:30:21.102381,0.005,0.995,1.0
2025-12-11T05:30:21.712081,0.005,0.995,1.0
2025-12-11T05:30:22.336075,0.005,0.995,1.0
2025-12-11T05:30:22.943357,0.005,0.995,1.0
2025-12-11T05:30:23.579835,0.005,0.995,1.0
2025-12-11T05:30:24.199259,0.005,0.995,1.0
2025-12-11T05:30:24.859090,0.005,0.995,1.0
2025-12-11T05:30:25.480976,0.005,0.995,1.0
2025-12-11T05:30:26.092610,0.005,0.995,1.0
2025-12-11T05:30:26.693970,0.005,0.995,1.0
2025-12-11T05:30:27.313327,0.005,0.995,1.0
2025-12-11T05:30:26.374597,0.005,0.995,1.0
2025-12-11T05:30:27.000259,0.005,0.995,1.0
2025-12-11T05:30:27.622279,0.005,0.995,1.0
2025-12-11T05:30:28.237923,0.005,0.995,1.0
2025-12-11T05:30:28.852846,0.005,0.995,1.0
2025-12-11T05:30:29.460982,0.005,0.995,1.0
2025-12-11T05:30:30.073564,0.005,0.995,1.0
2025-12-11T05:30:30.688041,0.005,0.995,1.0
2025-12-11T05:30:31.301220,0.005,0.995,1.0
2025-12-11T05:30:31.912681,0.005,0.995,1.0
2025-12-11T05:30:32.523732,0.005,0.995,1.0
2025-12-11T05:30:33.136045,0.005,0.995,1.0
2025-12-11T05:30:33.752806,0.005,0.995,1.0
2025-12-11T05:30:34.370100,0.005,0.995,1.0
2025-12-11T05:30:34.982272,0.005,0.995,1.0
2025-12-11T05:30:35.595947,0.005,0.995,1.0
2025-12-11T05:30:36.209081,0.005,0.995,1.0
2025-12-11T05:30:36.826528,0.005,0.995,1.0
2025-12-11T05:30:37.440929,0.005,0.995,1.0
2025-12-11T05:30:38.071948,0.005,0.995,1.0
2025-12-11T05:30:38.674487,0.005,0.995,1.0
2025-12-11T05:30:39.283209,0.005,0.995,1.0
2025-12-11T05:30:39.897983,0.005,0.995,1.0
2025-12-11T05:30:40.511073,0.005,0.995,1.0
2025-12-11T05:30:41.110977,0.005,0.995,1.0
2025-12-11T05:30:41.725389,0.005,0.995,1.0
2025-12-11T05:30:42.341680,0.005,0.995,1.0
2025-12-11T05:30:42.961362,0.005,0.995,1.0
2025-12-11T05:30:43.571762,0.005,0.995,1.0
2025-12-11T05:30:44.185219,0.005,0.995,1.0
2025-12-11T05:30:44.790778,0.005,0.995,1.0
2025-12-11T05:30:45.407565,0.005,0.995,1.0
2025-12-11T05:30:46.020065,0.005,0.995,1.0
2025-12-11T05:30:46.635595,0.005,0.995,1.0
2025-12-11T05:30:47.244875,0.005,0.995,1.0
2025-12-11T05:30:47.864078,0.005,0.995,1.0
2025-12-11T05:30:48.552948,0.005,0.995,1.0
2025-12-11T05:30:49.172189,0.005,0.995,1.0
2025-12-11T05:30:49.789592,0.005,0.995,1.0
2025-12-11T05:30:50.407518,0.005,0.995,1.0
2025-12-11T05:30:51.021248,0.005,0.995,1.0
2025-12-11T05:30:51.671707,0.005,0.995,1.0
2025-12-11T05:30:52.290845,0.005,0.995,1.0
2025-12-11T05:30:52.904283,0.005,0.995,1.0
2025-12-11T05:30:53.517978,0.005,0.995,1.0
2025-12-11T05:30:54.135273,0.005,0.995,1.0
2025-12-11T05:30:54.759623,0.005,0.995,1.0
2025-12-11T05:30:55.395158,0.005,0.995,1.0
2025-12-11T05:30:56.021036,0.005,0.995,1.0
2025-12-11T05:30:56.637241,0.005,0.995,1.0
2025-12-11T05:30:57.249898,0.005,0.995,1.0
2025-12-11T05:30:57.863150,0.005,0.995,1.0
2025-12-11T05:30:58.485880,0.005,0.995,1.0
2025-12-11T05:30:57.540664,0.005,0.995,1.0
2025-12-11T05:30:58.153563,0.005,0.995,1.0
2025-12-11T05:30:58.767443,0.005,0.995,1.0
2025-12-11T05:30:59.382647,0.005,0.995,1.0
2025-12-11T05:31:00.006342,0.5,0.5,1.0
