timestamp,price_yes,price_no,sum_prices
2025-12-11T00:01:00.377510,0.605,0.395,1.0
2025-12-11T00:01:01.004495,0.605,0.395,1.0
2025-12-11T00:01:01.606874,0.605,0.395,1.0
2025-12-11T00:01:02.225399,0.605,0.395,1.0
2025-12-11T00:01:02.837218,0.605,0.395,1.0
2025-12-11T00:01:03.492670,0.595,0.405,1.0
2025-12-11T00:01:04.121605,0.595,0.405,1.0
2025-12-11T00:01:04.772092,0.595,0.405,1.0
2025-12-11T00:01:05.405685,0.595,0.405,1.0
2025-12-11T00:01:06.025460,0.595,0.405,1.0
2025-12-11T00:01:06.658673,0.595,0.405,1.0
2025-12-11T00:01:07.296571,0.6,0.4,1.0
2025-12-11T00:01:07.920049,0.6,0.405,1.005
2025-12-11T00:01:08.626697,0.59,0.41,1.0
2025-12-11T00:01:09.245655,0.585,0.415,1.0
2025-12-11T00:01:09.868596,0.59,0.41,1.0
2025-12-11T00:01:10.473638,0.585,0.415,1.0
2025-12-11T00:01:11.087923,0.59,0.41,1.0
2025-12-11T00:01:11.720795,0.585,0.415,1.0
2025-12-11T00:01:12.337386,0.595,0.395,0.99
2025-12-11T00:01:12.981981,0.625,0.375,1.0
2025-12-11T00:01:13.600070,0.635,0.365,1.0
2025-12-11T00:01:14.215199,0.645,0.355,1.0
2025-12-11T00:01:14.838158,0.645,0.355,1.0
2025-12-11T00:01:15.454580,0.635,0.365,1.0
2025-12-11T00:01:16.084160,0.59,0.42,1.01
2025-12-11T00:01:16.705600,0.585,0.415,1.0
2025-12-11T00:01:17.312374,0.585,0.415,1.0
2025-12-11T00:01:17.920237,0.585,0.42,1.005
2025-12-11T00:01:18.530836,0.58,0.42,1.0
2025-12-11T00:01:19.136972,0.58,0.42,1.0
2025-12-11T00:01:19.753556,0.575,0.425,1.0
2025-12-11T00:01:20.365574,0.595,0.405,1.0
2025-12-11T00:01:20.975532,0.59,0.41,1.0
2025-12-11T00:01:21.588903,0.59,0.41,1.0
2025-12-11T00:01:22.198886,0.595,0.405,1.0
2025-12-11T00:01:22.801803,0.595,0.405,1.0
2025-12-11T00:01:23.408647,0.595,0.405,1.0
2025-12-11T00:01:24.027024,0.595,0.405,1.0
2025-12-11T00:01:24.627222,0.595,0.405,1.0
2025-12-11T00:01:24.143540,0.6,0.4,1.0
2025-12-11T00:01:24.748925,0.6,0.4,1.0
2025-12-11T00:01:25.373039,0.595,0.405,1.0
2025-12-11T00:01:25.978660,0.605,0.395,1.0
2025-12-11T00:01:26.583138,0.605,0.395,1.0
2025-12-11T00:01:27.191704,0.6,0.4,1.0
2025-12-11T00:01:27.805362,0.595,0.405,1.0
2025-12-11T00:01:28.425465,0.6,0.4,1.0
2025-12-11T00:01:29.037568,0.6,0.4,1.0
2025-12-11T00:01:29.660575,0.6,0.4,1.0
2025-12-11T00:01:30.285216,0.6,0.4,1.0
2025-12-11T00:01:30.895198,0.6,0.4,1.0
2025-12-11T00:01:31.509225,0.6,0.4,1.0
2025-12-11T00:01:32.116411,0.6,0.4,1.0
2025-12-11T00:01:32.729028,0.605,0.4,1.005
2025-12-11T00:01:33.353924,0.595,0.405,1.0
2025-12-11T00:01:33.971548,0.6,0.4,1.0
2025-12-11T00:01:34.580387,0.6,0.4,1.0
2025-12-11T00:01:35.188507,0.595,0.415,1.01
2025-12-11T00:01:35.826198,0.575,0.425,1.0
2025-12-11T00:01:36.432156,0.565,0.435,1.0
2025-12-11T00:01:37.053822,0.565,0.435,1.0
2025-12-11T00:01:37.677869,0.555,0.445,1.0
2025-12-11T00:01:38.293556,0.55,0.45,1.0
2025-12-11T00:01:38.922306,0.54,0.465,1.0050000000000001
2025-12-11T00:01:39.612663,0.535,0.465,1.0
2025-12-11T00:01:40.236939,0.535,0.465,1.0
2025-12-11T00:01:40.863087,0.535,0.465,1.0
2025-12-11T00:01:41.484294,0.525,0.475,1.0
2025-12-11T00:01:42.082969,0.545,0.455,1.0
2025-12-11T00:01:42.680482,0.545,0.455,1.0
2025-12-11T00:01:43.279141,0.535,0.455,0.99
2025-12-11T00:01:43.897140,0.525,0.475,1.0
2025-12-11T00:01:44.511138,0.535,0.465,1.0
2025-12-11T00:01:45.120012,0.535,0.465,1.0
2025-12-11T00:01:45.797010,0.535,0.465,1.0
2025-12-11T00:01:46.418553,0.55,0.445,0.9950000000000001
2025-12-11T00:01:47.031984,0.555,0.445,1.0
2025-12-11T00:01:47.637193,0.56,0.44,1.0
2025-12-11T00:01:48.247004,0.56,0.44,1.0
2025-12-11T00:01:48.860712,0.545,0.455,1.0
2025-12-11T00:01:49.473506,0.555,0.445,1.0
2025-12-11T00:01:50.111346,0.555,0.445,1.0
2025-12-11T00:01:50.723537,0.525,0.475,1.0
2025-12-11T00:01:51.336764,0.525,0.475,1.0
2025-12-11T00:01:51.940138,0.525,0.475,1.0
2025-12-11T00:01:52.546709,0.525,0.475,1.0
2025-12-11T00:01:53.146743,0.525,0.475,1.0
2025-12-11T00:01:53.763615,0.525,0.465,0.99
2025-12-11T00:01:54.392450,0.535,0.465,1.0
2025-12-11T00:01:55.003325,0.535,0.465,1.0
2025-12-11T00:01:55.611669,0.535,0.465,1.0
2025-12-11T00:01:56.218393,0.535,0.465,1.0
2025-12-11T00:01:55.857401,0.535,0.465,1.0
2025-12-11T00:01:56.469741,0.535,0.465,1.0
2025-12-11T00:01:57.076559,0.535,0.465,1.0
2025-12-11T00:01:57.723835,0.535,0.465,1.0
2025-12-11T00:01:58.332600,0.53,0.47,1.0
2025-12-11T00:01:58.953661,0.535,0.465,1.0
2025-12-11T00:01:59.565811,0.535,0.465,1.0
2025-12-11T00:02:00.176149,0.535,0.465,1.0
2025-12-11T00:02:00.789964,0.52,0.48,1.0
2025-12-11T00:02:01.418628,0.49,0.52,1.01
2025-12-11T00:02:02.050318,0.475,0.525,1.0
2025-12-11T00:02:02.660074,0.485,0.515,1.0
2025-12-11T00:02:03.270690,0.495,0.505,1.0
2025-12-11T00:02:03.877821,0.495,0.505,1.0
2025-12-11T00:02:04.485794,0.495,0.505,1.0
2025-12-11T00:02:05.102508,0.495,0.505,1.0
2025-12-11T00:02:05.721769,0.5,0.5,1.0
2025-12-11T00:02:06.340325,0.5,0.5,1.0
2025-12-11T00:02:06.954552,0.495,0.505,1.0
2025-12-11T00:02:07.557297,0.495,0.505,1.0
2025-12-11T00:02:08.194221,0.495,0.495,0.99
2025-12-11T00:02:08.820719,0.505,0.495,1.0
2025-12-11T00:02:09.430967,0.505,0.495,1.0
2025-12-11T00:02:10.039808,0.51,0.49,1.0
2025-12-11T00:02:10.656532,0.505,0.495,1.0
2025-12-11T00:02:11.270968,0.505,0.495,1.0
2025-12-11T00:02:11.898149,0.505,0.495,1.0
2025-12-11T00:02:12.533896,0.505,0.495,1.0
2025-12-11T00:02:13.137252,0.505,0.495,1.0
2025-12-11T00:02:13.744227,0.505,0.495,1.0
2025-12-11T00:02:14.371103,0.505,0.495,1.0
2025-12-11T00:02:14.969115,0.505,0.495,1.0
2025-12-11T00:02:15.573900,0.505,0.495,1.0
2025-12-11T00:02:16.176097,0.505,0.495,1.0
2025-12-11T00:02:16.796083,0.505,0.495,1.0
2025-12-11T00:02:17.411117,0.505,0.495,1.0
2025-12-11T00:02:18.030292,0.505,0.495,1.0
2025-12-11T00:02:18.654416,0.505,0.495,1.0
2025-12-11T00:02:19.259172,0.515,0.485,1.0
2025-12-11T00:02:19.868526,0.515,0.485,1.0
2025-12-11T00:02:20.487921,0.545,0.455,1.0
2025-12-11T00:02:21.103103,0.555,0.445,1.0
2025-12-11T00:02:21.718366,0.565,0.435,1.0
2025-12-11T00:02:22.322673,0.565,0.435,1.0
2025-12-11T00:02:22.935468,0.565,0.43,0.9949999999999999
2025-12-11T00:02:23.544398,0.575,0.425,1.0
2025-12-11T00:02:24.157299,0.565,0.435,1.0
2025-12-11T00:02:24.773793,0.565,0.435,1.0
2025-12-11T00:02:25.369927,0.565,0.435,1.0
2025-12-11T00:02:25.971420,0.565,0.435,1.0
2025-12-11T00:02:26.582229,0.56,0.445,1.0050000000000001
2025-12-11T00:02:27.199790,0.555,0.445,1.0
2025-12-11T00:02:26.798365,0.555,0.445,1.0
2025-12-11T00:02:27.401636,0.555,0.445,1.0
2025-12-11T00:02:28.007558,0.555,0.445,1.0
2025-12-11T00:02:28.618245,0.555,0.445,1.0
2025-12-11T00:02:29.255214,0.545,0.455,1.0
2025-12-11T00:02:29.864805,0.545,0.465,1.01
2025-12-11T00:02:30.477315,0.535,0.465,1.0
2025-12-11T00:02:31.095978,0.515,0.485,1.0
2025-12-11T00:02:31.703132,0.505,0.49,0.995
2025-12-11T00:02:32.320747,0.505,0.495,1.0
2025-12-11T00:02:32.929761,0.505,0.495,1.0
2025-12-11T00:02:33.533908,0.505,0.495,1.0
2025-12-11T00:02:34.171590,0.505,0.495,1.0
2025-12-11T00:02:34.775059,0.505,0.495,1.0
2025-12-11T00:02:35.406162,0.495,0.505,1.0
2025-12-11T00:02:36.020063,0.495,0.505,1.0
2025-12-11T00:02:36.627345,0.495,0.505,1.0
2025-12-11T00:02:37.234049,0.495,0.505,1.0
2025-12-11T00:02:37.840464,0.495,0.505,1.0
2025-12-11T00:02:38.460529,0.495,0.505,1.0
2025-12-11T00:02:39.072453,0.495,0.505,1.0
2025-12-11T00:02:39.677023,0.495,0.505,1.0
2025-12-11T00:02:40.290670,0.495,0.505,1.0
2025-12-11T00:02:40.909813,0.475,0.525,1.0
2025-12-11T00:02:41.513290,0.47,0.535,1.005
2025-12-11T00:02:42.125000,0.455,0.545,1.0
2025-12-11T00:02:42.734485,0.455,0.545,1.0
2025-12-11T00:02:43.348279,0.46,0.54,1.0
2025-12-11T00:02:43.960517,0.455,0.545,1.0
2025-12-11T00:02:44.567682,0.43,0.575,1.005
2025-12-11T00:02:45.192122,0.425,0.575,1.0
2025-12-11T00:02:45.808228,0.415,0.585,1.0
2025-12-11T00:02:46.428068,0.415,0.585,1.0
2025-12-11T00:02:47.038169,0.415,0.585,1.0
2025-12-11T00:02:47.642192,0.42,0.58,1.0
2025-12-11T00:02:48.247826,0.415,0.585,1.0
2025-12-11T00:02:48.859848,0.425,0.575,1.0
2025-12-11T00:02:49.463078,0.445,0.555,1.0
2025-12-11T00:02:50.094169,0.445,0.555,1.0
2025-12-11T00:02:50.716172,0.435,0.565,1.0
2025-12-11T00:02:51.379122,0.425,0.575,1.0
2025-12-11T00:02:51.993783,0.425,0.575,1.0
2025-12-11T00:02:52.609573,0.425,0.575,1.0
2025-12-11T00:02:53.231019,0.425,0.575,1.0
2025-12-11T00:02:53.836695,0.405,0.59,0.995
2025-12-11T00:02:54.433941,0.42,0.58,1.0
2025-12-11T00:02:55.041585,0.425,0.575,1.0
2025-12-11T00:02:55.677735,0.425,0.575,1.0
2025-12-11T00:02:56.276333,0.425,0.575,1.0
2025-12-11T00:02:56.875297,0.425,0.575,1.0
2025-12-11T00:02:57.483015,0.425,0.575,1.0
2025-12-11T00:02:58.085093,0.43,0.57,1.0
2025-12-11T00:02:58.697762,0.43,0.57,1.0
2025-12-11T00:02:58.341730,0.405,0.595,1.0
2025-12-11T00:02:58.953323,0.405,0.595,1.0
2025-12-11T00:02:59.568492,0.425,0.57,0.9949999999999999
2025-12-11T00:03:00.193289,0.445,0.555,1.0
2025-12-11T00:03:00.821414,0.475,0.515,0.99
2025-12-11T00:03:01.443112,0.485,0.515,1.0
2025-12-11T00:03:02.060858,0.485,0.515,1.0
2025-12-11T00:03:02.673467,0.475,0.525,1.0
2025-12-11T00:03:03.299928,0.49,0.51,1.0
2025-12-11T00:03:03.912878,0.47,0.53,1.0
2025-12-11T00:03:04.523399,0.465,0.535,1.0
2025-12-11T00:03:05.130955,0.475,0.525,1.0
2025-12-11T00:03:05.738515,0.455,0.54,0.9950000000000001
2025-12-11T00:03:06.350947,0.46,0.54,1.0
2025-12-11T00:03:06.973356,0.46,0.54,1.0
2025-12-11T00:03:07.617231,0.455,0.55,1.0050000000000001
2025-12-11T00:03:08.262157,0.445,0.555,1.0
2025-12-11T00:03:08.887822,0.455,0.545,1.0
2025-12-11T00:03:09.499350,0.475,0.525,1.0
2025-12-11T00:03:10.132376,0.495,0.505,1.0
2025-12-11T00:03:10.736159,0.505,0.495,1.0
2025-12-11T00:03:11.343005,0.505,0.5,1.005
2025-12-11T00:03:11.954975,0.505,0.495,1.0
2025-12-11T00:03:12.561229,0.495,0.505,1.0
2025-12-11T00:03:13.171220,0.46,0.545,1.0050000000000001
2025-12-11T00:03:13.799730,0.455,0.545,1.0
2025-12-11T00:03:14.434262,0.455,0.545,1.0
2025-12-11T00:03:15.079347,0.455,0.545,1.0
2025-12-11T00:03:15.702143,0.455,0.545,1.0
2025-12-11T00:03:16.319747,0.455,0.545,1.0
2025-12-11T00:03:16.941635,0.465,0.54,1.0050000000000001
2025-12-11T00:03:17.548902,0.455,0.545,1.0
2025-12-11T00:03:18.160113,0.455,0.545,1.0
2025-12-11T00:03:18.777340,0.47,0.535,1.005
2025-12-11T00:03:19.396428,0.445,0.55,0.9950000000000001
2025-12-11T00:03:20.002235,0.455,0.545,1.0
2025-12-11T00:03:20.627550,0.455,0.545,1.0
2025-12-11T00:03:21.223376,0.445,0.555,1.0
2025-12-11T00:03:21.850043,0.425,0.575,1.0
2025-12-11T00:03:22.474332,0.435,0.565,1.0
2025-12-11T00:03:23.099000,0.415,0.585,1.0
2025-12-11T00:03:23.706693,0.415,0.585,1.0
2025-12-11T00:03:24.324151,0.405,0.595,1.0
2025-12-11T00:03:24.942369,0.405,0.595,1.0
2025-12-11T00:03:25.554307,0.395,0.605,1.0
2025-12-11T00:03:26.181643,0.37,0.63,1.0
2025-12-11T00:03:26.791075,0.365,0.635,1.0
2025-12-11T00:03:27.399970,0.375,0.63,1.005
2025-12-11T00:03:28.012892,0.37,0.63,1.0
2025-12-11T00:03:28.626777,0.375,0.625,1.0
2025-12-11T00:03:29.226612,0.375,0.625,1.0
2025-12-11T00:03:29.832192,0.385,0.615,1.0
2025-12-11T00:03:29.430296,0.375,0.625,1.0
2025-12-11T00:03:30.033603,0.37,0.63,1.0
2025-12-11T00:03:30.638736,0.36,0.635,0.995
2025-12-11T00:03:31.263067,0.375,0.625,1.0
2025-12-11T00:03:31.873161,0.375,0.625,1.0
2025-12-11T00:03:32.484767,0.38,0.62,1.0
2025-12-11T00:03:33.089678,0.36,0.64,1.0
2025-12-11T00:03:33.697517,0.365,0.635,1.0
2025-12-11T00:03:34.300451,0.375,0.625,1.0
2025-12-11T00:03:34.913849,0.375,0.625,1.0
2025-12-11T00:03:35.518466,0.375,0.625,1.0
2025-12-11T00:03:36.123842,0.375,0.625,1.0
2025-12-11T00:03:36.744943,0.375,0.625,1.0
2025-12-11T00:03:37.362028,0.37,0.635,1.005
2025-12-11T00:03:37.981640,0.36,0.64,1.0
2025-12-11T00:03:38.594660,0.355,0.645,1.0
2025-12-11T00:03:39.210963,0.355,0.645,1.0
2025-12-11T00:03:39.829016,0.36,0.64,1.0
2025-12-11T00:03:40.451826,0.36,0.64,1.0
2025-12-11T00:03:41.075230,0.355,0.645,1.0
2025-12-11T00:03:41.700451,0.355,0.645,1.0
2025-12-11T00:03:42.318157,0.355,0.645,1.0
2025-12-11T00:03:42.972979,0.355,0.645,1.0
2025-12-11T00:03:43.582765,0.34,0.67,1.01
2025-12-11T00:03:44.180416,0.335,0.665,1.0
2025-12-11T00:03:44.785920,0.325,0.67,0.9950000000000001
2025-12-11T00:03:45.383628,0.33,0.67,1.0
2025-12-11T00:03:45.999670,0.325,0.675,1.0
2025-12-11T00:03:46.620121,0.315,0.685,1.0
2025-12-11T00:03:47.230232,0.315,0.685,1.0
2025-12-11T00:03:47.856001,0.315,0.685,1.0
2025-12-11T00:03:48.462266,0.315,0.685,1.0
2025-12-11T00:03:49.085664,0.315,0.685,1.0
2025-12-11T00:03:49.707682,0.305,0.695,1.0
2025-12-11T00:03:50.335813,0.275,0.725,1.0
2025-12-11T00:03:50.957679,0.265,0.735,1.0
2025-12-11T00:03:51.566902,0.255,0.745,1.0
2025-12-11T00:03:52.180864,0.255,0.745,1.0
2025-12-11T00:03:52.786446,0.255,0.745,1.0
2025-12-11T00:03:53.391504,0.25,0.75,1.0
2025-12-11T00:03:53.990973,0.245,0.755,1.0
2025-12-11T00:03:54.599821,0.235,0.765,1.0
2025-12-11T00:03:55.216270,0.235,0.765,1.0
2025-12-11T00:03:55.828484,0.25,0.75,1.0
2025-12-11T00:03:56.449540,0.25,0.755,1.005
2025-12-11T00:03:57.068018,0.25,0.75,1.0
2025-12-11T00:03:57.684719,0.25,0.75,1.0
2025-12-11T00:03:58.306510,0.245,0.755,1.0
2025-12-11T00:03:58.918321,0.25,0.75,1.0
2025-12-11T00:03:59.526549,0.25,0.75,1.0
2025-12-11T00:04:00.139092,0.245,0.755,1.0
2025-12-11T00:04:00.746546,0.255,0.745,1.0
2025-12-11T00:04:01.353357,0.245,0.765,1.01
2025-12-11T00:04:00.883912,0.245,0.76,1.005
2025-12-11T00:04:01.495506,0.245,0.755,1.0
2025-12-11T00:04:02.107535,0.255,0.745,1.0
2025-12-11T00:04:02.728610,0.275,0.725,1.0
2025-12-11T00:04:03.353137,0.285,0.715,1.0
2025-12-11T00:04:03.957945,0.285,0.715,1.0
2025-12-11T00:04:04.567343,0.295,0.705,1.0
2025-12-11T00:04:05.197363,0.295,0.705,1.0
2025-12-11T00:04:05.815639,0.295,0.705,1.0
2025-12-11T00:04:06.426208,0.305,0.695,1.0
2025-12-11T00:04:07.049347,0.305,0.69,0.9949999999999999
2025-12-11T00:04:07.682066,0.315,0.685,1.0
2025-12-11T00:04:08.307144,0.33,0.67,1.0
2025-12-11T00:04:08.917872,0.345,0.655,1.0
2025-12-11T00:04:09.531104,0.345,0.655,1.0
2025-12-11T00:04:10.131223,0.325,0.675,1.0
2025-12-11T00:04:10.741117,0.325,0.675,1.0
2025-12-11T00:04:11.371704,0.335,0.665,1.0
2025-12-11T00:04:11.996300,0.385,0.595,0.98
2025-12-11T00:04:12.645995,0.395,0.595,0.99
2025-12-11T00:04:13.253707,0.395,0.605,1.0
2025-12-11T00:04:13.861704,0.395,0.605,1.0
2025-12-11T00:04:14.484382,0.395,0.605,1.0
2025-12-11T00:04:15.108432,0.395,0.605,1.0
2025-12-11T00:04:15.729272,0.405,0.595,1.0
2025-12-11T00:04:16.347802,0.41,0.59,1.0
2025-12-11T00:04:16.947949,0.395,0.605,1.0
2025-12-11T00:04:17.544575,0.395,0.605,1.0
2025-12-11T00:04:18.172011,0.395,0.605,1.0
2025-12-11T00:04:18.799895,0.36,0.64,1.0
2025-12-11T00:04:19.420149,0.355,0.645,1.0
2025-12-11T00:04:20.091031,0.355,0.645,1.0
2025-12-11T00:04:20.712784,0.385,0.615,1.0
2025-12-11T00:04:21.331576,0.39,0.61,1.0
2025-12-11T00:04:21.947514,0.395,0.605,1.0
2025-12-11T00:04:22.555324,0.395,0.605,1.0
2025-12-11T00:04:23.267290,0.4,0.595,0.995
2025-12-11T00:04:23.876090,0.395,0.605,1.0
2025-12-11T00:04:24.485741,0.395,0.605,1.0
2025-12-11T00:04:25.110147,0.395,0.605,1.0
2025-12-11T00:04:25.713872,0.395,0.605,1.0
2025-12-11T00:04:26.319388,0.395,0.605,1.0
2025-12-11T00:04:26.937843,0.395,0.605,1.0
2025-12-11T00:04:27.549460,0.395,0.605,1.0
2025-12-11T00:04:28.167442,0.395,0.605,1.0
2025-12-11T00:04:28.784473,0.385,0.615,1.0
2025-12-11T00:04:29.413295,0.36,0.64,1.0
2025-12-11T00:04:30.026040,0.365,0.635,1.0
2025-12-11T00:04:30.664566,0.365,0.635,1.0
2025-12-11T00:04:31.279352,0.365,0.635,1.0
2025-12-11T00:04:31.900629,0.365,0.635,1.0
2025-12-11T00:04:32.520341,0.365,0.635,1.0
2025-12-11T00:04:32.105804,0.365,0.635,1.0
2025-12-11T00:04:32.725877,0.365,0.635,1.0
2025-12-11T00:04:33.342438,0.365,0.625,0.99
2025-12-11T00:04:33.941794,0.375,0.625,1.0
2025-12-11T00:04:34.545944,0.375,0.625,1.0
2025-12-11T00:04:35.165685,0.385,0.615,1.0
2025-12-11T00:04:35.776697,0.395,0.605,1.0
2025-12-11T00:04:36.380041,0.395,0.605,1.0
2025-12-11T00:04:37.039560,0.395,0.605,1.0
2025-12-11T00:04:37.663499,0.395,0.605,1.0
2025-12-11T00:04:38.274127,0.395,0.605,1.0
2025-12-11T00:04:38.884459,0.395,0.605,1.0
2025-12-11T00:04:39.501812,0.395,0.605,1.0
2025-12-11T00:04:40.115084,0.415,0.585,1.0
2025-12-11T00:04:40.725224,0.415,0.585,1.0
2025-12-11T00:04:41.353556,0.405,0.595,1.0
2025-12-11T00:04:41.984708,0.405,0.595,1.0
2025-12-11T00:04:42.601223,0.405,0.595,1.0
2025-12-11T00:04:43.229527,0.415,0.585,1.0
2025-12-11T00:04:43.900667,0.475,0.525,1.0
2025-12-11T00:04:44.514483,0.475,0.525,1.0
2025-12-11T00:04:45.153765,0.465,0.535,1.0
2025-12-11T00:04:45.787509,0.465,0.535,1.0
2025-12-11T00:04:46.427092,0.465,0.535,1.0
2025-12-11T00:04:47.056045,0.465,0.535,1.0
2025-12-11T00:04:47.686013,0.46,0.54,1.0
2025-12-11T00:04:48.313696,0.455,0.545,1.0
2025-12-11T00:04:48.910112,0.455,0.545,1.0
2025-12-11T00:04:49.505428,0.46,0.54,1.0
2025-12-11T00:04:50.105601,0.445,0.55,0.9950000000000001
2025-12-11T00:04:50.705797,0.445,0.555,1.0
2025-12-11T00:04:51.326055,0.44,0.555,0.9950000000000001
2025-12-11T00:04:51.987739,0.46,0.54,1.0
2025-12-11T00:04:52.618679,0.465,0.535,1.0
2025-12-11T00:04:53.264440,0.465,0.535,1.0
2025-12-11T00:04:53.878141,0.46,0.54,1.0
2025-12-11T00:04:54.481045,0.455,0.545,1.0
2025-12-11T00:04:55.118527,0.45,0.55,1.0
2025-12-11T00:04:55.775424,0.44,0.56,1.0
2025-12-11T00:04:56.383661,0.435,0.565,1.0
2025-12-11T00:04:56.993924,0.425,0.575,1.0
2025-12-11T00:04:57.598495,0.425,0.575,1.0
2025-12-11T00:04:58.200105,0.415,0.585,1.0
2025-12-11T00:04:58.797537,0.415,0.585,1.0
2025-12-11T00:04:59.401532,0.415,0.585,1.0
2025-12-11T00:05:00.018577,0.415,0.585,1.0
2025-12-11T00:05:00.631464,0.415,0.585,1.0
2025-12-11T00:05:01.261224,0.415,0.585,1.0
2025-12-11T00:05:01.876049,0.415,0.585,1.0
2025-12-11T00:05:02.498316,0.415,0.585,1.0
2025-12-11T00:05:03.113790,0.405,0.595,1.0
2025-12-11T00:05:03.729399,0.395,0.605,1.0
2025-12-11T00:05:03.288952,0.385,0.615,1.0
2025-12-11T00:05:03.897712,0.385,0.615,1.0
2025-12-11T00:05:04.510799,0.385,0.615,1.0
2025-12-11T00:05:05.126723,0.375,0.625,1.0
2025-12-11T00:05:05.751662,0.375,0.625,1.0
2025-12-11T00:05:06.352766,0.385,0.615,1.0
2025-12-11T00:05:06.966876,0.385,0.615,1.0
2025-12-11T00:05:07.580120,0.385,0.615,1.0
2025-12-11T00:05:08.193873,0.385,0.615,1.0
2025-12-11T00:05:08.835617,0.38,0.62,1.0
2025-12-11T00:05:09.461595,0.38,0.62,1.0
2025-12-11T00:05:10.059616,0.38,0.62,1.0
2025-12-11T00:05:10.678961,0.365,0.635,1.0
2025-12-11T00:05:11.298570,0.335,0.665,1.0
2025-12-11T00:05:11.919974,0.325,0.675,1.0
2025-12-11T00:05:12.528220,0.33,0.67,1.0
2025-12-11T00:05:13.143104,0.34,0.66,1.0
2025-12-11T00:05:13.762611,0.335,0.665,1.0
2025-12-11T00:05:14.367579,0.34,0.66,1.0
2025-12-11T00:05:14.975681,0.335,0.665,1.0
2025-12-11T00:05:15.576150,0.335,0.665,1.0
2025-12-11T00:05:16.190330,0.33,0.67,1.0
2025-12-11T00:05:16.803326,0.325,0.675,1.0
2025-12-11T00:05:17.408839,0.35,0.645,0.995
2025-12-11T00:05:18.034501,0.355,0.645,1.0
2025-12-11T00:05:18.649629,0.355,0.645,1.0
2025-12-11T00:05:19.267094,0.355,0.645,1.0
2025-12-11T00:05:19.882111,0.355,0.645,1.0
2025-12-11T00:05:20.512908,0.355,0.645,1.0
2025-12-11T00:05:21.135531,0.355,0.645,1.0
2025-12-11T00:05:21.768939,0.355,0.645,1.0
2025-12-11T00:05:22.366530,0.355,0.645,1.0
2025-12-11T00:05:22.963186,0.35,0.65,1.0
2025-12-11T00:05:23.559192,0.35,0.65,1.0
2025-12-11T00:05:24.190154,0.35,0.65,1.0
2025-12-11T00:05:24.790226,0.355,0.645,1.0
2025-12-11T00:05:25.399207,0.355,0.645,1.0
2025-12-11T00:05:26.012489,0.355,0.645,1.0
2025-12-11T00:05:26.630837,0.35,0.65,1.0
2025-12-11T00:05:27.240554,0.35,0.65,1.0
2025-12-11T00:05:27.854145,0.35,0.65,1.0
2025-12-11T00:05:28.466454,0.35,0.65,1.0
2025-12-11T00:05:29.067002,0.35,0.65,1.0
2025-12-11T00:05:29.704001,0.345,0.655,1.0
2025-12-11T00:05:30.312917,0.31,0.695,1.005
2025-12-11T00:05:30.906244,0.305,0.695,1.0
2025-12-11T00:05:31.506987,0.295,0.705,1.0
2025-12-11T00:05:32.171452,0.295,0.705,1.0
2025-12-11T00:05:32.784332,0.3,0.7,1.0
2025-12-11T00:05:33.391930,0.305,0.695,1.0
2025-12-11T00:05:34.006138,0.305,0.695,1.0
2025-12-11T00:05:34.617716,0.305,0.695,1.0
2025-12-11T00:05:34.217352,0.305,0.695,1.0
2025-12-11T00:05:34.833797,0.305,0.695,1.0
2025-12-11T00:05:35.445104,0.305,0.695,1.0
2025-12-11T00:05:36.051636,0.305,0.695,1.0
2025-12-11T00:05:36.675141,0.275,0.73,1.005
2025-12-11T00:05:37.278928,0.255,0.745,1.0
2025-12-11T00:05:37.890887,0.26,0.74,1.0
2025-12-11T00:05:38.497221,0.26,0.74,1.0
2025-12-11T00:05:39.126088,0.255,0.745,1.0
2025-12-11T00:05:39.727427,0.255,0.745,1.0
2025-12-11T00:05:40.344257,0.255,0.73,0.985
2025-12-11T00:05:40.958092,0.265,0.735,1.0
2025-12-11T00:05:41.584113,0.27,0.725,0.995
2025-12-11T00:05:42.188320,0.275,0.725,1.0
2025-12-11T00:05:42.809853,0.29,0.705,0.9949999999999999
2025-12-11T00:05:43.419031,0.295,0.725,1.02
2025-12-11T00:05:44.036125,0.255,0.745,1.0
2025-12-11T00:05:44.655649,0.255,0.745,1.0
2025-12-11T00:05:45.263596,0.255,0.745,1.0
2025-12-11T00:05:45.882903,0.255,0.745,1.0
2025-12-11T00:05:46.519792,0.26,0.74,1.0
2025-12-11T00:05:47.126973,0.265,0.74,1.005
2025-12-11T00:05:47.744119,0.255,0.745,1.0
2025-12-11T00:05:48.361056,0.255,0.745,1.0
2025-12-11T00:05:48.969118,0.255,0.735,0.99
2025-12-11T00:05:49.583276,0.265,0.735,1.0
2025-12-11T00:05:50.188069,0.275,0.725,1.0
2025-12-11T00:05:50.796861,0.245,0.75,0.995
2025-12-11T00:05:51.408134,0.255,0.745,1.0
2025-12-11T00:05:52.020269,0.26,0.74,1.0
2025-12-11T00:05:52.634985,0.26,0.74,1.0
2025-12-11T00:05:53.261229,0.26,0.74,1.0
2025-12-11T00:05:53.880973,0.26,0.74,1.0
2025-12-11T00:05:54.510993,0.26,0.74,1.0
2025-12-11T00:05:55.131061,0.255,0.745,1.0
2025-12-11T00:05:55.733200,0.235,0.765,1.0
2025-12-11T00:05:56.345626,0.24,0.76,1.0
2025-12-11T00:05:56.960148,0.245,0.755,1.0
2025-12-11T00:05:57.577387,0.255,0.745,1.0
2025-12-11T00:05:58.194656,0.265,0.735,1.0
2025-12-11T00:05:58.803802,0.265,0.735,1.0
2025-12-11T00:05:59.421832,0.28,0.72,1.0
2025-12-11T00:06:00.028107,0.28,0.72,1.0
2025-12-11T00:06:00.644410,0.28,0.72,1.0
2025-12-11T00:06:01.250694,0.285,0.715,1.0
2025-12-11T00:06:01.860306,0.285,0.715,1.0
2025-12-11T00:06:02.479854,0.285,0.72,1.005
2025-12-11T00:06:03.081376,0.26,0.755,1.0150000000000001
2025-12-11T00:06:03.709038,0.245,0.755,1.0
2025-12-11T00:06:04.313990,0.245,0.755,1.0
2025-12-11T00:06:04.922319,0.25,0.75,1.0
2025-12-11T00:06:05.531577,0.245,0.755,1.0
2025-12-11T00:06:06.135159,0.245,0.755,1.0
2025-12-11T00:06:05.717340,0.245,0.755,1.0
2025-12-11T00:06:06.329170,0.245,0.755,1.0
2025-12-11T00:06:06.949813,0.245,0.755,1.0
2025-12-11T00:06:07.560716,0.255,0.745,1.0
2025-12-11T00:06:08.183410,0.255,0.745,1.0
2025-12-11T00:06:08.791174,0.255,0.745,1.0
2025-12-11T00:06:09.398728,0.255,0.745,1.0
2025-12-11T00:06:10.014297,0.255,0.745,1.0
2025-12-11T00:06:10.617977,0.255,0.745,1.0
2025-12-11T00:06:11.231127,0.255,0.745,1.0
2025-12-11T00:06:11.853390,0.255,0.745,1.0
2025-12-11T00:06:12.481914,0.25,0.755,1.005
2025-12-11T00:06:13.095504,0.245,0.755,1.0
2025-12-11T00:06:13.711069,0.235,0.765,1.0
2025-12-11T00:06:14.323365,0.235,0.765,1.0
2025-12-11T00:06:14.929219,0.245,0.755,1.0
2025-12-11T00:06:15.543016,0.245,0.755,1.0
2025-12-11T00:06:16.182493,0.24,0.76,1.0
2025-12-11T00:06:16.802540,0.24,0.76,1.0
2025-12-11T00:06:17.408475,0.24,0.76,1.0
2025-12-11T00:06:18.026142,0.24,0.76,1.0
2025-12-11T00:06:18.626823,0.225,0.775,1.0
2025-12-11T00:06:19.223020,0.22,0.78,1.0
2025-12-11T00:06:19.829569,0.215,0.785,1.0
2025-12-11T00:06:20.428402,0.205,0.795,1.0
2025-12-11T00:06:21.035098,0.205,0.795,1.0
2025-12-11T00:06:21.659246,0.205,0.795,1.0
2025-12-11T00:06:22.287469,0.205,0.795,1.0
2025-12-11T00:06:22.896611,0.205,0.795,1.0
2025-12-11T00:06:23.513340,0.205,0.795,1.0
2025-12-11T00:06:24.153808,0.205,0.785,0.99
2025-12-11T00:06:24.766623,0.215,0.785,1.0
2025-12-11T00:06:25.380594,0.215,0.785,1.0
2025-12-11T00:06:25.980909,0.215,0.785,1.0
2025-12-11T00:06:26.575356,0.205,0.795,1.0
2025-12-11T00:06:27.176891,0.205,0.795,1.0
2025-12-11T00:06:27.773171,0.215,0.785,1.0
2025-12-11T00:06:28.377874,0.205,0.795,1.0
2025-12-11T00:06:28.981614,0.205,0.795,1.0
2025-12-11T00:06:29.593990,0.205,0.795,1.0
2025-12-11T00:06:30.208847,0.2,0.8,1.0
2025-12-11T00:06:30.826462,0.2,0.8,1.0
2025-12-11T00:06:31.433212,0.2,0.8,1.0
2025-12-11T00:06:32.043024,0.2,0.8,1.0
2025-12-11T00:06:32.656019,0.2,0.8,1.0
2025-12-11T00:06:33.277254,0.2,0.8,1.0
2025-12-11T00:06:33.882766,0.2,0.8,1.0
2025-12-11T00:06:34.481672,0.2,0.8,1.0
2025-12-11T00:06:35.083420,0.2,0.805,1.0050000000000001
2025-12-11T00:06:35.688135,0.19,0.81,1.0
2025-12-11T00:06:36.314431,0.195,0.805,1.0
2025-12-11T00:06:36.915255,0.205,0.795,1.0
2025-12-11T00:06:36.507458,0.205,0.795,1.0
2025-12-11T00:06:37.133275,0.205,0.795,1.0
2025-12-11T00:06:37.814483,0.205,0.795,1.0
2025-12-11T00:06:38.422208,0.205,0.795,1.0
2025-12-11T00:06:39.033592,0.21,0.79,1.0
2025-12-11T00:06:39.646085,0.205,0.795,1.0
2025-12-11T00:06:40.248552,0.195,0.805,1.0
2025-12-11T00:06:40.850618,0.185,0.815,1.0
2025-12-11T00:06:41.463848,0.185,0.815,1.0
2025-12-11T00:06:42.101909,0.185,0.815,1.0
2025-12-11T00:06:42.711183,0.185,0.815,1.0
2025-12-11T00:06:43.315070,0.18,0.82,1.0
2025-12-11T00:06:43.915873,0.18,0.82,1.0
2025-12-11T00:06:44.521548,0.18,0.82,1.0
2025-12-11T00:06:45.129257,0.175,0.825,1.0
2025-12-11T00:06:45.743212,0.175,0.825,1.0
2025-12-11T00:06:46.368389,0.17,0.83,1.0
2025-12-11T00:06:46.983413,0.165,0.835,1.0
2025-12-11T00:06:47.591057,0.18,0.82,1.0
2025-12-11T00:06:48.204142,0.18,0.82,1.0
2025-12-11T00:06:48.820920,0.175,0.825,1.0
2025-12-11T00:06:49.453772,0.175,0.825,1.0
2025-12-11T00:06:50.065946,0.185,0.815,1.0
2025-12-11T00:06:50.671952,0.18,0.82,1.0
2025-12-11T00:06:51.323407,0.18,0.82,1.0
2025-12-11T00:06:51.922276,0.17,0.83,1.0
2025-12-11T00:06:52.522364,0.17,0.83,1.0
2025-12-11T00:06:53.129957,0.17,0.83,1.0
2025-12-11T00:06:53.751295,0.175,0.825,1.0
2025-12-11T00:06:54.361302,0.175,0.825,1.0
2025-12-11T00:06:54.978322,0.175,0.825,1.0
2025-12-11T00:06:55.597350,0.175,0.825,1.0
2025-12-11T00:06:56.221149,0.18,0.82,1.0
2025-12-11T00:06:56.837528,0.18,0.82,1.0
2025-12-11T00:06:57.464139,0.165,0.835,1.0
2025-12-11T00:06:58.062014,0.165,0.835,1.0
2025-12-11T00:06:58.665372,0.185,0.815,1.0
2025-12-11T00:06:59.259361,0.185,0.815,1.0
2025-12-11T00:06:59.859405,0.185,0.815,1.0
2025-12-11T00:07:00.459008,0.185,0.815,1.0
2025-12-11T00:07:01.079005,0.185,0.815,1.0
2025-12-11T00:07:01.685759,0.185,0.815,1.0
2025-12-11T00:07:02.297216,0.185,0.815,1.0
2025-12-11T00:07:02.922426,0.185,0.815,1.0
2025-12-11T00:07:03.548855,0.165,0.835,1.0
2025-12-11T00:07:04.171182,0.155,0.845,1.0
2025-12-11T00:07:04.777618,0.155,0.845,1.0
2025-12-11T00:07:05.393820,0.155,0.845,1.0
2025-12-11T00:07:06.001334,0.155,0.845,1.0
2025-12-11T00:07:06.598009,0.155,0.845,1.0
2025-12-11T00:07:07.194510,0.155,0.845,1.0
2025-12-11T00:07:07.793337,0.155,0.845,1.0
2025-12-11T00:07:08.395635,0.155,0.845,1.0
2025-12-11T00:07:07.902057,0.155,0.845,1.0
2025-12-11T00:07:08.526073,0.145,0.86,1.005
2025-12-11T00:07:09.126556,0.13,0.87,1.0
2025-12-11T00:07:09.761404,0.125,0.875,1.0
2025-12-11T00:07:10.394030,0.125,0.875,1.0
2025-12-11T00:07:11.006146,0.125,0.875,1.0
2025-12-11T00:07:11.627375,0.125,0.875,1.0
2025-12-11T00:07:12.237958,0.125,0.875,1.0
2025-12-11T00:07:12.861949,0.125,0.875,1.0
2025-12-11T00:07:13.475544,0.125,0.875,1.0
2025-12-11T00:07:14.101698,0.13,0.87,1.0
2025-12-11T00:07:14.717732,0.13,0.87,1.0
2025-12-11T00:07:15.331384,0.135,0.87,1.005
2025-12-11T00:07:15.934589,0.135,0.865,1.0
2025-12-11T00:07:16.551504,0.135,0.875,1.01
2025-12-11T00:07:17.168835,0.125,0.875,1.0
2025-12-11T00:07:17.798642,0.125,0.875,1.0
2025-12-11T00:07:18.404215,0.125,0.875,1.0
2025-12-11T00:07:19.018424,0.125,0.875,1.0
2025-12-11T00:07:19.632896,0.135,0.865,1.0
2025-12-11T00:07:20.238682,0.135,0.865,1.0
2025-12-11T00:07:20.849629,0.14,0.86,1.0
2025-12-11T00:07:21.454448,0.135,0.865,1.0
2025-12-11T00:07:22.061601,0.14,0.865,1.005
2025-12-11T00:07:22.713593,0.125,0.875,1.0
2025-12-11T00:07:23.313006,0.125,0.875,1.0
2025-12-11T00:07:23.919783,0.125,0.875,1.0
2025-12-11T00:07:24.535642,0.13,0.87,1.0
2025-12-11T00:07:25.137312,0.135,0.865,1.0
2025-12-11T00:07:25.747976,0.135,0.865,1.0
2025-12-11T00:07:26.380669,0.135,0.865,1.0
2025-12-11T00:07:26.980834,0.125,0.875,1.0
2025-12-11T00:07:27.609585,0.125,0.875,1.0
2025-12-11T00:07:28.219873,0.125,0.875,1.0
2025-12-11T00:07:28.844576,0.13,0.87,1.0
2025-12-11T00:07:29.451862,0.13,0.87,1.0
2025-12-11T00:07:30.062124,0.13,0.87,1.0
2025-12-11T00:07:30.676782,0.135,0.865,1.0
2025-12-11T00:07:31.295405,0.135,0.865,1.0
2025-12-11T00:07:31.897287,0.155,0.845,1.0
2025-12-11T00:07:32.499576,0.155,0.845,1.0
2025-12-11T00:07:33.118591,0.155,0.845,1.0
2025-12-11T00:07:33.735359,0.155,0.845,1.0
2025-12-11T00:07:34.349280,0.155,0.845,1.0
2025-12-11T00:07:34.969304,0.155,0.845,1.0
2025-12-11T00:07:35.579172,0.155,0.845,1.0
2025-12-11T00:07:36.185686,0.14,0.86,1.0
2025-12-11T00:07:36.803465,0.14,0.86,1.0
2025-12-11T00:07:37.416130,0.14,0.86,1.0
2025-12-11T00:07:38.029707,0.14,0.86,1.0
2025-12-11T00:07:38.640695,0.14,0.86,1.0
2025-12-11T00:07:39.250409,0.14,0.86,1.0
2025-12-11T00:07:38.668005,0.15,0.845,0.995
2025-12-11T00:07:39.281891,0.145,0.855,1.0
2025-12-11T00:07:39.891056,0.155,0.845,1.0
2025-12-11T00:07:40.490735,0.155,0.845,1.0
2025-12-11T00:07:41.102488,0.15,0.85,1.0
2025-12-11T00:07:41.710564,0.15,0.85,1.0
2025-12-11T00:07:42.322371,0.15,0.85,1.0
2025-12-11T00:07:42.951122,0.135,0.865,1.0
2025-12-11T00:07:43.568459,0.145,0.855,1.0
2025-12-11T00:07:44.194013,0.14,0.86,1.0
2025-12-11T00:07:44.796602,0.14,0.86,1.0
2025-12-11T00:07:45.407086,0.135,0.865,1.0
2025-12-11T00:07:46.012763,0.145,0.855,1.0
2025-12-11T00:07:46.621799,0.155,0.845,1.0
2025-12-11T00:07:47.226333,0.165,0.835,1.0
2025-12-11T00:07:47.855366,0.165,0.835,1.0
2025-12-11T00:07:48.480040,0.165,0.835,1.0
2025-12-11T00:07:49.106110,0.165,0.835,1.0
2025-12-11T00:07:49.735533,0.175,0.825,1.0
2025-12-11T00:07:50.382480,0.17,0.83,1.0
2025-12-11T00:07:50.985595,0.17,0.83,1.0
2025-12-11T00:07:51.597097,0.17,0.83,1.0
2025-12-11T00:07:52.191400,0.17,0.83,1.0
2025-12-11T00:07:52.799902,0.17,0.83,1.0
2025-12-11T00:07:53.410683,0.17,0.83,1.0
2025-12-11T00:07:54.014556,0.175,0.825,1.0
2025-12-11T00:07:54.622737,0.185,0.815,1.0
2025-12-11T00:07:55.233395,0.185,0.815,1.0
2025-12-11T00:07:55.852973,0.185,0.815,1.0
2025-12-11T00:07:56.462805,0.185,0.815,1.0
2025-12-11T00:07:57.062830,0.19,0.81,1.0
2025-12-11T00:07:57.675173,0.185,0.815,1.0
2025-12-11T00:07:58.292998,0.175,0.825,1.0
2025-12-11T00:07:58.945271,0.18,0.825,1.005
2025-12-11T00:07:59.554911,0.175,0.825,1.0
2025-12-11T00:08:00.166643,0.175,0.825,1.0
2025-12-11T00:08:00.772553,0.175,0.825,1.0
2025-12-11T00:08:01.383348,0.175,0.825,1.0
2025-12-11T00:08:02.050529,0.175,0.825,1.0
2025-12-11T00:08:02.658942,0.165,0.835,1.0
2025-12-11T00:08:03.258086,0.165,0.835,1.0
2025-12-11T00:08:03.859849,0.165,0.835,1.0
2025-12-11T00:08:04.467225,0.165,0.835,1.0
2025-12-11T00:08:05.072191,0.17,0.83,1.0
2025-12-11T00:08:05.695189,0.165,0.835,1.0
2025-12-11T00:08:06.320760,0.16,0.84,1.0
2025-12-11T00:08:06.924962,0.165,0.835,1.0
2025-12-11T00:08:07.561451,0.165,0.835,1.0
2025-12-11T00:08:08.171872,0.16,0.84,1.0
2025-12-11T00:08:08.780121,0.16,0.84,1.0
2025-12-11T00:08:09.386136,0.155,0.845,1.0
2025-12-11T00:08:09.988686,0.16,0.84,1.0
2025-12-11T00:08:10.614660,0.165,0.835,1.0
2025-12-11T00:08:10.165375,0.175,0.825,1.0
2025-12-11T00:08:10.792297,0.18,0.815,0.9949999999999999
2025-12-11T00:08:11.398792,0.185,0.815,1.0
2025-12-11T00:08:11.999770,0.185,0.815,1.0
2025-12-11T00:08:12.620414,0.18,0.82,1.0
2025-12-11T00:08:13.226455,0.175,0.825,1.0
2025-12-11T00:08:13.920779,0.165,0.835,1.0
2025-12-11T00:08:14.529168,0.155,0.845,1.0
2025-12-11T00:08:15.152128,0.165,0.835,1.0
2025-12-11T00:08:15.760630,0.17,0.83,1.0
2025-12-11T00:08:16.380287,0.18,0.82,1.0
2025-12-11T00:08:16.983461,0.17,0.83,1.0
2025-12-11T00:08:17.589902,0.17,0.83,1.0
2025-12-11T00:08:18.196966,0.17,0.83,1.0
2025-12-11T00:08:18.803636,0.17,0.83,1.0
2025-12-11T00:08:19.421211,0.165,0.845,1.01
2025-12-11T00:08:20.036369,0.155,0.845,1.0
2025-12-11T00:08:20.651602,0.155,0.845,1.0
2025-12-11T00:08:21.264510,0.155,0.845,1.0
2025-12-11T00:08:21.890329,0.155,0.855,1.01
2025-12-11T00:08:22.513520,0.145,0.855,1.0
2025-12-11T00:08:23.150160,0.145,0.855,1.0
2025-12-11T00:08:23.766651,0.15,0.85,1.0
2025-12-11T00:08:24.384851,0.15,0.85,1.0
2025-12-11T00:08:24.994904,0.15,0.85,1.0
2025-12-11T00:08:25.598641,0.155,0.845,1.0
2025-12-11T00:08:26.210454,0.15,0.85,1.0
2025-12-11T00:08:26.819676,0.15,0.85,1.0
2025-12-11T00:08:27.436896,0.15,0.85,1.0
2025-12-11T00:08:28.084757,0.15,0.85,1.0
2025-12-11T00:08:28.704987,0.15,0.85,1.0
2025-12-11T00:08:29.305959,0.15,0.85,1.0
2025-12-11T00:08:29.923413,0.15,0.85,1.0
2025-12-11T00:08:30.534559,0.15,0.85,1.0
2025-12-11T00:08:31.159682,0.15,0.85,1.0
2025-12-11T00:08:31.785012,0.15,0.85,1.0
2025-12-11T00:08:32.393396,0.145,0.855,1.0
2025-12-11T00:08:33.009932,0.125,0.875,1.0
2025-12-11T00:08:33.623445,0.13,0.87,1.0
2025-12-11T00:08:34.232458,0.13,0.87,1.0
2025-12-11T00:08:34.842046,0.13,0.87,1.0
2025-12-11T00:08:35.444322,0.13,0.87,1.0
2025-12-11T00:08:36.047348,0.135,0.865,1.0
2025-12-11T00:08:36.654276,0.135,0.865,1.0
2025-12-11T00:08:37.256402,0.135,0.865,1.0
2025-12-11T00:08:37.865892,0.135,0.865,1.0
2025-12-11T00:08:38.472624,0.14,0.86,1.0
2025-12-11T00:08:39.081885,0.145,0.855,1.0
2025-12-11T00:08:39.695383,0.145,0.855,1.0
2025-12-11T00:08:40.298696,0.145,0.855,1.0
2025-12-11T00:08:40.903609,0.145,0.855,1.0
2025-12-11T00:08:41.524298,0.145,0.855,1.0
2025-12-11T00:08:40.977484,0.145,0.855,1.0
2025-12-11T00:08:41.590795,0.145,0.855,1.0
2025-12-11T00:08:42.195497,0.145,0.855,1.0
2025-12-11T00:08:42.802592,0.145,0.855,1.0
2025-12-11T00:08:43.411422,0.145,0.855,1.0
2025-12-11T00:08:44.024055,0.145,0.855,1.0
2025-12-11T00:08:44.631055,0.145,0.855,1.0
2025-12-11T00:08:45.237152,0.145,0.855,1.0
2025-12-11T00:08:45.853366,0.145,0.855,1.0
2025-12-11T00:08:46.466677,0.14,0.86,1.0
2025-12-11T00:08:47.099483,0.14,0.86,1.0
2025-12-11T00:08:47.710638,0.14,0.86,1.0
2025-12-11T00:08:48.323824,0.14,0.86,1.0
2025-12-11T00:08:48.933730,0.14,0.86,1.0
2025-12-11T00:08:49.550267,0.14,0.86,1.0
2025-12-11T00:08:50.162538,0.145,0.855,1.0
2025-12-11T00:08:50.773409,0.155,0.845,1.0
2025-12-11T00:08:51.388577,0.145,0.855,1.0
2025-12-11T00:08:51.995920,0.14,0.86,1.0
2025-12-11T00:08:52.596968,0.135,0.865,1.0
2025-12-11T00:08:53.206196,0.125,0.875,1.0
2025-12-11T00:08:53.856209,0.125,0.875,1.0
2025-12-11T00:08:54.486215,0.125,0.875,1.0
2025-12-11T00:08:55.096372,0.125,0.875,1.0
2025-12-11T00:08:55.706287,0.115,0.885,1.0
2025-12-11T00:08:56.319677,0.11,0.89,1.0
2025-12-11T00:08:56.931222,0.105,0.895,1.0
2025-12-11T00:08:57.556615,0.105,0.895,1.0
2025-12-11T00:08:58.158041,0.105,0.895,1.0
2025-12-11T00:08:58.769254,0.105,0.895,1.0
2025-12-11T00:08:59.381231,0.105,0.895,1.0
2025-12-11T00:08:59.997772,0.105,0.895,1.0
2025-12-11T00:09:00.600316,0.105,0.895,1.0
2025-12-11T00:09:01.206039,0.105,0.895,1.0
2025-12-11T00:09:01.822230,0.095,0.905,1.0
2025-12-11T00:09:02.431033,0.095,0.905,1.0
2025-12-11T00:09:03.047204,0.105,0.895,1.0
2025-12-11T00:09:03.646394,0.105,0.895,1.0
2025-12-11T00:09:04.251413,0.105,0.895,1.0
2025-12-11T00:09:04.854569,0.105,0.895,1.0
2025-12-11T00:09:05.471410,0.105,0.895,1.0
2025-12-11T00:09:06.074362,0.105,0.895,1.0
2025-12-11T00:09:06.673766,0.11,0.89,1.0
2025-12-11T00:09:07.307830,0.105,0.895,1.0
2025-12-11T00:09:07.944213,0.11,0.885,0.995
2025-12-11T00:09:08.565044,0.115,0.885,1.0
2025-12-11T00:09:09.178104,0.12,0.88,1.0
2025-12-11T00:09:09.794123,0.12,0.88,1.0
2025-12-11T00:09:10.421802,0.12,0.88,1.0
2025-12-11T00:09:11.032599,0.12,0.88,1.0
2025-12-11T00:09:11.675370,0.12,0.88,1.0
2025-12-11T00:09:12.315227,0.12,0.88,1.0
2025-12-11T00:09:12.921432,0.115,0.885,1.0
2025-12-11T00:09:12.445595,0.115,0.88,0.995
2025-12-11T00:09:13.065087,0.11,0.89,1.0
2025-12-11T00:09:13.679890,0.105,0.895,1.0
2025-12-11T00:09:14.276117,0.11,0.89,1.0
2025-12-11T00:09:14.883747,0.105,0.895,1.0
2025-12-11T00:09:15.488605,0.105,0.895,1.0
2025-12-11T00:09:16.088271,0.105,0.895,1.0
2025-12-11T00:09:16.694573,0.11,0.89,1.0
2025-12-11T00:09:17.320856,0.11,0.89,1.0
2025-12-11T00:09:17.927621,0.11,0.89,1.0
2025-12-11T00:09:18.539889,0.11,0.89,1.0
2025-12-11T00:09:19.148451,0.105,0.895,1.0
2025-12-11T00:09:19.760690,0.12,0.885,1.005
2025-12-11T00:09:20.373167,0.115,0.885,1.0
2025-12-11T00:09:20.993509,0.115,0.885,1.0
2025-12-11T00:09:21.598891,0.11,0.89,1.0
2025-12-11T00:09:22.215583,0.1,0.9,1.0
2025-12-11T00:09:22.826560,0.095,0.905,1.0
2025-12-11T00:09:23.447833,0.095,0.905,1.0
2025-12-11T00:09:24.049472,0.095,0.905,1.0
2025-12-11T00:09:24.650671,0.085,0.915,1.0
2025-12-11T00:09:25.265375,0.09,0.91,1.0
2025-12-11T00:09:25.868548,0.09,0.91,1.0
2025-12-11T00:09:26.485762,0.09,0.91,1.0
2025-12-11T00:09:27.094752,0.09,0.91,1.0
2025-12-11T00:09:27.699351,0.09,0.91,1.0
2025-12-11T00:09:28.315610,0.08,0.92,1.0
2025-12-11T00:09:28.924863,0.08,0.92,1.0
2025-12-11T00:09:29.540728,0.08,0.92,1.0
2025-12-11T00:09:30.162569,0.08,0.92,1.0
2025-12-11T00:09:30.774267,0.08,0.92,1.0
2025-12-11T00:09:31.395463,0.08,0.92,1.0
2025-12-11T00:09:32.063298,0.08,0.92,1.0
2025-12-11T00:09:32.705336,0.08,0.92,1.0
2025-12-11T00:09:33.306623,0.08,0.92,1.0
2025-12-11T00:09:33.919334,0.08,0.92,1.0
2025-12-11T00:09:34.556932,0.075,0.925,1.0
2025-12-11T00:09:35.160213,0.075,0.925,1.0
2025-12-11T00:09:35.782490,0.075,0.925,1.0
2025-12-11T00:09:36.395546,0.075,0.925,1.0
2025-12-11T00:09:37.008531,0.075,0.925,1.0
2025-12-11T00:09:37.605765,0.07,0.93,1.0
2025-12-11T00:09:38.211374,0.075,0.925,1.0
2025-12-11T00:09:38.836572,0.065,0.935,1.0
2025-12-11T00:09:39.439639,0.065,0.935,1.0
2025-12-11T00:09:40.044424,0.065,0.935,1.0
2025-12-11T00:09:40.649376,0.065,0.935,1.0
2025-12-11T00:09:41.256219,0.065,0.935,1.0
2025-12-11T00:09:41.875238,0.065,0.935,1.0
2025-12-11T00:09:42.482592,0.065,0.94,1.005
2025-12-11T00:09:43.085068,0.06,0.94,1.0
2025-12-11T00:09:43.686889,0.055,0.945,1.0
2025-12-11T00:09:44.291203,0.055,0.945,1.0
2025-12-11T00:09:43.725135,0.055,0.945,1.0
2025-12-11T00:09:44.323013,0.055,0.945,1.0
2025-12-11T00:09:44.934436,0.055,0.945,1.0
2025-12-11T00:09:45.556085,0.055,0.945,1.0
2025-12-11T00:09:46.173668,0.055,0.945,1.0
2025-12-11T00:09:46.785873,0.055,0.945,1.0
2025-12-11T00:09:47.404246,0.055,0.945,1.0
2025-12-11T00:09:48.008789,0.055,0.945,1.0
2025-12-11T00:09:48.644277,0.055,0.945,1.0
2025-12-11T00:09:49.292469,0.055,0.945,1.0
2025-12-11T00:09:49.893576,0.055,0.945,1.0
2025-12-11T00:09:50.509359,0.055,0.945,1.0
2025-12-11T00:09:51.123518,0.055,0.945,1.0
2025-12-11T00:09:51.732067,0.055,0.945,1.0
2025-12-11T00:09:52.349557,0.055,0.945,1.0
2025-12-11T00:09:52.959437,0.055,0.945,1.0
2025-12-11T00:09:53.589735,0.045,0.955,1.0
2025-12-11T00:09:54.222319,0.045,0.955,1.0
2025-12-11T00:09:54.868860,0.035,0.965,1.0
2025-12-11T00:09:55.480480,0.045,0.955,1.0
2025-12-11T00:09:56.109732,0.045,0.955,1.0
2025-12-11T00:09:56.759418,0.045,0.955,1.0
2025-12-11T00:09:57.398238,0.045,0.955,1.0
2025-12-11T00:09:57.999086,0.045,0.955,1.0
2025-12-11T00:09:58.603188,0.045,0.955,1.0
2025-12-11T00:09:59.208130,0.045,0.955,1.0
2025-12-11T00:09:59.830404,0.045,0.955,1.0
2025-12-11T00:10:00.441149,0.045,0.955,1.0
2025-12-11T00:10:01.049718,0.045,0.955,1.0
2025-12-11T00:10:01.662192,0.055,0.945,1.0
2025-12-11T00:10:02.278774,0.055,0.945,1.0
2025-12-11T00:10:02.905242,0.045,0.955,1.0
2025-12-11T00:10:03.550544,0.045,0.955,1.0
2025-12-11T00:10:04.159637,0.045,0.955,1.0
2025-12-11T00:10:04.777033,0.035,0.965,1.0
2025-12-11T00:10:05.409576,0.035,0.965,1.0
2025-12-11T00:10:06.025859,0.035,0.965,1.0
2025-12-11T00:10:06.642099,0.035,0.965,1.0
2025-12-11T00:10:07.250385,0.055,0.945,1.0
2025-12-11T00:10:07.857045,0.055,0.945,1.0
2025-12-11T00:10:08.461843,0.055,0.945,1.0
2025-12-11T00:10:09.079765,0.055,0.945,1.0
2025-12-11T00:10:09.700691,0.055,0.945,1.0
2025-12-11T00:10:10.307773,0.055,0.95,1.005
2025-12-11T00:10:10.910604,0.05,0.95,1.0
2025-12-11T00:10:11.530153,0.055,0.945,1.0
2025-12-11T00:10:12.148488,0.055,0.945,1.0
2025-12-11T00:10:12.776210,0.055,0.945,1.0
2025-12-11T00:10:13.376047,0.055,0.945,1.0
2025-12-11T00:10:13.986817,0.055,0.945,1.0
2025-12-11T00:10:14.593089,0.055,0.945,1.0
2025-12-11T00:10:15.205411,0.07,0.93,1.0
2025-12-11T00:10:14.561833,0.07,0.93,1.0
2025-12-11T00:10:15.171938,0.07,0.93,1.0
2025-12-11T00:10:15.793428,0.07,0.93,1.0
2025-12-11T00:10:16.407607,0.065,0.935,1.0
2025-12-11T00:10:17.012004,0.07,0.93,1.0
2025-12-11T00:10:17.636224,0.075,0.925,1.0
2025-12-11T00:10:18.282250,0.075,0.925,1.0
2025-12-11T00:10:18.924097,0.075,0.925,1.0
2025-12-11T00:10:19.532369,0.075,0.925,1.0
2025-12-11T00:10:20.146935,0.075,0.925,1.0
2025-12-11T00:10:20.761718,0.085,0.915,1.0
2025-12-11T00:10:21.375292,0.085,0.915,1.0
2025-12-11T00:10:21.988984,0.08,0.92,1.0
2025-12-11T00:10:22.601689,0.085,0.91,0.995
2025-12-11T00:10:23.207386,0.095,0.905,1.0
2025-12-11T00:10:23.816899,0.095,0.905,1.0
2025-12-11T00:10:24.433769,0.105,0.895,1.0
2025-12-11T00:10:25.046989,0.105,0.895,1.0
2025-12-11T00:10:25.651985,0.115,0.885,1.0
2025-12-11T00:10:26.279330,0.115,0.885,1.0
2025-12-11T00:10:26.891987,0.115,0.885,1.0
2025-12-11T00:10:27.508306,0.115,0.885,1.0
2025-12-11T00:10:28.121704,0.115,0.885,1.0
2025-12-11T00:10:28.734038,0.115,0.885,1.0
2025-12-11T00:10:29.346366,0.115,0.885,1.0
2025-12-11T00:10:29.962990,0.105,0.895,1.0
2025-12-11T00:10:30.586566,0.105,0.895,1.0
2025-12-11T00:10:31.195614,0.105,0.895,1.0
2025-12-11T00:10:31.808528,0.105,0.895,1.0
2025-12-11T00:10:32.423423,0.1,0.9,1.0
2025-12-11T00:10:33.033796,0.105,0.895,1.0
2025-12-11T00:10:33.641448,0.105,0.9,1.0050000000000001
2025-12-11T00:10:34.248244,0.105,0.895,1.0
2025-12-11T00:10:34.867077,0.105,0.895,1.0
2025-12-11T00:10:35.499994,0.105,0.895,1.0
2025-12-11T00:10:36.108532,0.085,0.915,1.0
2025-12-11T00:10:36.716794,0.09,0.91,1.0
2025-12-11T00:10:37.336778,0.095,0.905,1.0
2025-12-11T00:10:37.951076,0.095,0.905,1.0
2025-12-11T00:10:38.561058,0.09,0.91,1.0
2025-12-11T00:10:39.207275,0.085,0.915,1.0
2025-12-11T00:10:39.856067,0.09,0.91,1.0
2025-12-11T00:10:40.473606,0.085,0.915,1.0
2025-12-11T00:10:41.076100,0.085,0.915,1.0
2025-12-11T00:10:41.686840,0.085,0.915,1.0
2025-12-11T00:10:42.336567,0.09,0.91,1.0
2025-12-11T00:10:42.948438,0.09,0.91,1.0
2025-12-11T00:10:43.548543,0.095,0.905,1.0
2025-12-11T00:10:44.151398,0.095,0.905,1.0
2025-12-11T00:10:44.760933,0.095,0.905,1.0
2025-12-11T00:10:45.365429,0.1,0.9,1.0
2025-12-11T00:10:45.989270,0.105,0.895,1.0
2025-12-11T00:10:45.358358,0.105,0.895,1.0
2025-12-11T00:10:45.994271,0.105,0.895,1.0
2025-12-11T00:10:46.603495,0.105,0.895,1.0
2025-12-11T00:10:47.213733,0.105,0.895,1.0
2025-12-11T00:10:47.856567,0.095,0.905,1.0
2025-12-11T00:10:48.473748,0.1,0.9,1.0
2025-12-11T00:10:49.109192,0.1,0.9,1.0
2025-12-11T00:10:49.721531,0.105,0.895,1.0
2025-12-11T00:10:50.329959,0.105,0.895,1.0
2025-12-11T00:10:50.929795,0.105,0.895,1.0
2025-12-11T00:10:51.561819,0.11,0.89,1.0
2025-12-11T00:10:52.173687,0.11,0.89,1.0
2025-12-11T00:10:52.784552,0.11,0.89,1.0
2025-12-11T00:10:53.391485,0.115,0.885,1.0
2025-12-11T00:10:53.998524,0.11,0.89,1.0
2025-12-11T00:10:54.610626,0.11,0.89,1.0
2025-12-11T00:10:55.227432,0.11,0.89,1.0
2025-12-11T00:10:55.831261,0.11,0.89,1.0
2025-12-11T00:10:56.436334,0.11,0.89,1.0
2025-12-11T00:10:57.040039,0.11,0.89,1.0
2025-12-11T00:10:57.645912,0.11,0.89,1.0
2025-12-11T00:10:58.247850,0.105,0.9,1.0050000000000001
2025-12-11T00:10:58.860118,0.085,0.915,1.0
2025-12-11T00:10:59.468540,0.085,0.915,1.0
2025-12-11T00:11:00.084080,0.085,0.915,1.0
2025-12-11T00:11:00.695569,0.075,0.925,1.0
2025-12-11T00:11:01.302110,0.08,0.92,1.0
2025-12-11T00:11:01.943669,0.075,0.925,1.0
2025-12-11T00:11:02.566320,0.085,0.915,1.0
2025-12-11T00:11:03.171750,0.09,0.91,1.0
2025-12-11T00:11:03.782092,0.09,0.91,1.0
2025-12-11T00:11:04.383463,0.09,0.915,1.0050000000000001
2025-12-11T00:11:04.987684,0.075,0.925,1.0
2025-12-11T00:11:05.593803,0.075,0.925,1.0
2025-12-11T00:11:06.204307,0.075,0.925,1.0
2025-12-11T00:11:06.811364,0.075,0.925,1.0
2025-12-11T00:11:07.451378,0.075,0.925,1.0
2025-12-11T00:11:08.064059,0.075,0.925,1.0
2025-12-11T00:11:08.682709,0.075,0.925,1.0
2025-12-11T00:11:09.307966,0.075,0.925,1.0
2025-12-11T00:11:09.921247,0.075,0.925,1.0
2025-12-11T00:11:10.531254,0.075,0.925,1.0
2025-12-11T00:11:11.154305,0.075,0.925,1.0
2025-12-11T00:11:11.770708,0.08,0.92,1.0
2025-12-11T00:11:12.395799,0.08,0.92,1.0
2025-12-11T00:11:13.002621,0.08,0.92,1.0
2025-12-11T00:11:13.624159,0.08,0.92,1.0
2025-12-11T00:11:14.230036,0.08,0.92,1.0
2025-12-11T00:11:14.843820,0.075,0.925,1.0
2025-12-11T00:11:15.451696,0.075,0.925,1.0
2025-12-11T00:11:16.063851,0.075,0.925,1.0
2025-12-11T00:11:16.668250,0.08,0.92,1.0
2025-12-11T00:11:17.279724,0.08,0.92,1.0
2025-12-11T00:11:16.732289,0.08,0.92,1.0
2025-12-11T00:11:17.347475,0.085,0.915,1.0
2025-12-11T00:11:17.959339,0.085,0.915,1.0
2025-12-11T00:11:18.569754,0.08,0.92,1.0
2025-12-11T00:11:19.204089,0.085,0.915,1.0
2025-12-11T00:11:19.810058,0.075,0.925,1.0
2025-12-11T00:11:20.420258,0.075,0.925,1.0
2025-12-11T00:11:21.040875,0.085,0.915,1.0
2025-12-11T00:11:21.647481,0.08,0.92,1.0
2025-12-11T00:11:22.254657,0.095,0.9,0.995
2025-12-11T00:11:22.874385,0.105,0.895,1.0
2025-12-11T00:11:23.515044,0.105,0.895,1.0
2025-12-11T00:11:24.136455,0.11,0.89,1.0
2025-12-11T00:11:24.747003,0.105,0.895,1.0
2025-12-11T00:11:25.345794,0.11,0.89,1.0
2025-12-11T00:11:25.963731,0.115,0.885,1.0
2025-12-11T00:11:26.579531,0.125,0.875,1.0
2025-12-11T00:11:27.198096,0.135,0.865,1.0
2025-12-11T00:11:27.806251,0.125,0.875,1.0
2025-12-11T00:11:28.417987,0.115,0.885,1.0
2025-12-11T00:11:29.039223,0.115,0.885,1.0
2025-12-11T00:11:29.653434,0.115,0.885,1.0
2025-12-11T00:11:30.264541,0.115,0.885,1.0
2025-12-11T00:11:30.915742,0.115,0.885,1.0
2025-12-11T00:11:31.554667,0.115,0.885,1.0
2025-12-11T00:11:32.171844,0.115,0.885,1.0
2025-12-11T00:11:32.789575,0.105,0.895,1.0
2025-12-11T00:11:33.403292,0.105,0.89,0.995
2025-12-11T00:11:34.047773,0.115,0.885,1.0
2025-12-11T00:11:34.659135,0.12,0.88,1.0
2025-12-11T00:11:35.259547,0.12,0.88,1.0
2025-12-11T00:11:35.894216,0.12,0.88,1.0
2025-12-11T00:11:36.511178,0.115,0.885,1.0
2025-12-11T00:11:37.128341,0.11,0.89,1.0
2025-12-11T00:11:37.737526,0.115,0.895,1.01
2025-12-11T00:11:38.345373,0.095,0.905,1.0
2025-12-11T00:11:38.948562,0.1,0.895,0.995
2025-12-11T00:11:39.560941,0.115,0.885,1.0
2025-12-11T00:11:40.168560,0.135,0.865,1.0
2025-12-11T00:11:40.786147,0.135,0.865,1.0
2025-12-11T00:11:41.403442,0.135,0.865,1.0
2025-12-11T00:11:42.011791,0.135,0.865,1.0
2025-12-11T00:11:42.626871,0.135,0.865,1.0
2025-12-11T00:11:43.242611,0.135,0.865,1.0
2025-12-11T00:11:43.861411,0.135,0.87,1.005
2025-12-11T00:11:44.467638,0.13,0.87,1.0
2025-12-11T00:11:45.079386,0.13,0.87,1.0
2025-12-11T00:11:45.692757,0.13,0.87,1.0
2025-12-11T00:11:46.295295,0.13,0.87,1.0
2025-12-11T00:11:46.915572,0.13,0.87,1.0
2025-12-11T00:11:47.526262,0.125,0.875,1.0
2025-12-11T00:11:48.141222,0.13,0.87,1.0
2025-12-11T00:11:47.579534,0.13,0.87,1.0
2025-12-11T00:11:48.196581,0.13,0.87,1.0
2025-12-11T00:11:48.809875,0.13,0.87,1.0
2025-12-11T00:11:49.427234,0.13,0.87,1.0
2025-12-11T00:11:50.034589,0.13,0.87,1.0
2025-12-11T00:11:50.642918,0.13,0.87,1.0
2025-12-11T00:11:51.254559,0.12,0.88,1.0
2025-12-11T00:11:51.860513,0.12,0.88,1.0
2025-12-11T00:11:52.467793,0.12,0.88,1.0
2025-12-11T00:11:53.071967,0.115,0.885,1.0
2025-12-11T00:11:53.683051,0.105,0.895,1.0
2025-12-11T00:11:54.289484,0.105,0.895,1.0
2025-12-11T00:11:54.907408,0.105,0.895,1.0
2025-12-11T00:11:55.518325,0.105,0.895,1.0
2025-12-11T00:11:56.119003,0.115,0.885,1.0
2025-12-11T00:11:56.737595,0.115,0.885,1.0
2025-12-11T00:11:57.351893,0.115,0.885,1.0
2025-12-11T00:11:57.972194,0.115,0.885,1.0
2025-12-11T00:11:58.585581,0.11,0.89,1.0
2025-12-11T00:11:59.202577,0.105,0.895,1.0
2025-12-11T00:11:59.814993,0.11,0.89,1.0
2025-12-11T00:12:00.439342,0.11,0.89,1.0
2025-12-11T00:12:01.065053,0.115,0.885,1.0
2025-12-11T00:12:01.677678,0.11,0.895,1.0050000000000001
2025-12-11T00:12:02.326191,0.1,0.9,1.0
2025-12-11T00:12:02.972235,0.1,0.9,1.0
2025-12-11T00:12:03.616684,0.1,0.9,1.0
2025-12-11T00:12:04.258279,0.1,0.9,1.0
2025-12-11T00:12:04.876749,0.1,0.905,1.0050000000000001
2025-12-11T00:12:05.487897,0.095,0.905,1.0
2025-12-11T00:12:06.091546,0.095,0.905,1.0
2025-12-11T00:12:06.722495,0.085,0.915,1.0
2025-12-11T00:12:07.338978,0.075,0.925,1.0
2025-12-11T00:12:07.952941,0.06,0.94,1.0
2025-12-11T00:12:08.566629,0.055,0.945,1.0
2025-12-11T00:12:09.180543,0.06,0.94,1.0
2025-12-11T00:12:09.789970,0.06,0.94,1.0
2025-12-11T00:12:10.393750,0.06,0.94,1.0
2025-12-11T00:12:11.013297,0.065,0.935,1.0
2025-12-11T00:12:11.625456,0.07,0.93,1.0
2025-12-11T00:12:12.248731,0.07,0.93,1.0
2025-12-11T00:12:12.884807,0.07,0.93,1.0
2025-12-11T00:12:13.504123,0.07,0.93,1.0
2025-12-11T00:12:14.137594,0.06,0.94,1.0
2025-12-11T00:12:14.758606,0.06,0.94,1.0
2025-12-11T00:12:15.370326,0.06,0.94,1.0
2025-12-11T00:12:15.988388,0.06,0.94,1.0
2025-12-11T00:12:16.597766,0.06,0.94,1.0
2025-12-11T00:12:17.215295,0.06,0.94,1.0
2025-12-11T00:12:17.835209,0.065,0.935,1.0
2025-12-11T00:12:18.456356,0.06,0.94,1.0
2025-12-11T00:12:19.070227,0.065,0.935,1.0
2025-12-11T00:12:18.304215,0.075,0.925,1.0
2025-12-11T00:12:18.933666,0.07,0.935,1.0050000000000001
2025-12-11T00:12:19.552660,0.07,0.935,1.0050000000000001
2025-12-11T00:12:20.166900,0.065,0.935,1.0
2025-12-11T00:12:20.785934,0.07,0.93,1.0
2025-12-11T00:12:21.399576,0.065,0.935,1.0
2025-12-11T00:12:22.019836,0.055,0.945,1.0
2025-12-11T00:12:22.639689,0.06,0.94,1.0
2025-12-11T00:12:23.258146,0.06,0.945,1.005
2025-12-11T00:12:23.876628,0.065,0.94,1.005
2025-12-11T00:12:24.498537,0.055,0.945,1.0
2025-12-11T00:12:25.130398,0.055,0.945,1.0
2025-12-11T00:12:25.743441,0.055,0.945,1.0
2025-12-11T00:12:26.409917,0.055,0.945,1.0
2025-12-11T00:12:27.019512,0.055,0.945,1.0
2025-12-11T00:12:27.685474,0.055,0.945,1.0
2025-12-11T00:12:28.290843,0.055,0.945,1.0
2025-12-11T00:12:28.901691,0.05,0.95,1.0
2025-12-11T00:12:29.539742,0.05,0.95,1.0
2025-12-11T00:12:30.384345,0.05,0.945,0.995
2025-12-11T00:12:31.071551,0.055,0.93,0.9850000000000001
2025-12-11T00:12:31.698029,0.075,0.925,1.0
2025-12-11T00:12:32.317448,0.075,0.925,1.0
2025-12-11T00:12:32.953354,0.075,0.925,1.0
2025-12-11T00:12:33.592862,0.075,0.925,1.0
2025-12-11T00:12:34.216142,0.075,0.925,1.0
2025-12-11T00:12:34.827756,0.075,0.925,1.0
2025-12-11T00:12:35.453528,0.085,0.915,1.0
2025-12-11T00:12:36.070469,0.09,0.91,1.0
2025-12-11T00:12:36.678720,0.095,0.905,1.0
2025-12-11T00:12:37.317202,0.095,0.905,1.0
2025-12-11T00:12:37.942509,0.095,0.905,1.0
2025-12-11T00:12:38.566344,0.095,0.905,1.0
2025-12-11T00:12:39.179566,0.095,0.905,1.0
2025-12-11T00:12:39.793832,0.095,0.905,1.0
2025-12-11T00:12:40.412495,0.095,0.905,1.0
2025-12-11T00:12:41.049059,0.095,0.905,1.0
2025-12-11T00:12:41.655766,0.095,0.905,1.0
2025-12-11T00:12:42.278097,0.095,0.905,1.0
2025-12-11T00:12:42.895464,0.095,0.91,1.0050000000000001
2025-12-11T00:12:43.509783,0.09,0.91,1.0
2025-12-11T00:12:44.113096,0.065,0.935,1.0
2025-12-11T00:12:44.741451,0.07,0.93,1.0
2025-12-11T00:12:45.355993,0.065,0.935,1.0
2025-12-11T00:12:45.966988,0.07,0.93,1.0
2025-12-11T00:12:46.590868,0.07,0.93,1.0
2025-12-11T00:12:47.210717,0.07,0.93,1.0
2025-12-11T00:12:47.827014,0.07,0.93,1.0
2025-12-11T00:12:48.450627,0.07,0.93,1.0
2025-12-11T00:12:49.051545,0.07,0.93,1.0
2025-12-11T00:12:49.659124,0.065,0.935,1.0
2025-12-11T00:12:50.269272,0.07,0.93,1.0
2025-12-11T00:12:49.608782,0.07,0.93,1.0
2025-12-11T00:12:50.215856,0.07,0.93,1.0
2025-12-11T00:12:50.837760,0.085,0.915,1.0
2025-12-11T00:12:51.443572,0.085,0.915,1.0
2025-12-11T00:12:52.057999,0.08,0.925,1.0050000000000001
2025-12-11T00:12:52.671751,0.075,0.925,1.0
2025-12-11T00:12:53.278239,0.075,0.925,1.0
2025-12-11T00:12:53.891269,0.075,0.925,1.0
2025-12-11T00:12:54.496570,0.075,0.925,1.0
2025-12-11T00:12:55.096585,0.075,0.93,1.0050000000000001
2025-12-11T00:12:55.702914,0.06,0.94,1.0
2025-12-11T00:12:56.313237,0.065,0.935,1.0
2025-12-11T00:12:56.920308,0.07,0.925,0.9950000000000001
2025-12-11T00:12:57.519406,0.075,0.925,1.0
2025-12-11T00:12:58.133058,0.065,0.935,1.0
2025-12-11T00:12:58.746390,0.065,0.935,1.0
2025-12-11T00:12:59.362110,0.065,0.935,1.0
2025-12-11T00:12:59.971841,0.065,0.935,1.0
2025-12-11T00:13:00.604618,0.075,0.925,1.0
2025-12-11T00:13:01.238639,0.07,0.93,1.0
2025-12-11T00:13:01.896665,0.065,0.935,1.0
2025-12-11T00:13:02.511015,0.065,0.935,1.0
2025-12-11T00:13:03.138595,0.065,0.935,1.0
2025-12-11T00:13:03.751142,0.065,0.935,1.0
2025-12-11T00:13:04.368813,0.065,0.935,1.0
2025-12-11T00:13:04.994542,0.065,0.935,1.0
2025-12-11T00:13:05.601162,0.065,0.94,1.005
2025-12-11T00:13:06.213165,0.05,0.95,1.0
2025-12-11T00:13:06.837694,0.045,0.955,1.0
2025-12-11T00:13:07.462256,0.045,0.955,1.0
2025-12-11T00:13:08.076712,0.045,0.95,0.995
2025-12-11T00:13:08.682482,0.045,0.955,1.0
2025-12-11T00:13:09.302655,0.045,0.955,1.0
2025-12-11T00:13:09.919004,0.045,0.955,1.0
2025-12-11T00:13:10.535181,0.045,0.955,1.0
2025-12-11T00:13:11.147750,0.045,0.955,1.0
2025-12-11T00:13:11.762992,0.05,0.95,1.0
2025-12-11T00:13:12.384424,0.05,0.95,1.0
2025-12-11T00:13:13.003603,0.05,0.95,1.0
2025-12-11T00:13:13.640190,0.045,0.955,1.0
2025-12-11T00:13:14.270560,0.045,0.955,1.0
2025-12-11T00:13:14.888121,0.045,0.955,1.0
2025-12-11T00:13:15.501225,0.045,0.955,1.0
2025-12-11T00:13:16.115745,0.045,0.955,1.0
2025-12-11T00:13:16.724787,0.045,0.955,1.0
2025-12-11T00:13:17.333495,0.045,0.955,1.0
2025-12-11T00:13:17.940779,0.045,0.955,1.0
2025-12-11T00:13:18.577972,0.045,0.955,1.0
2025-12-11T00:13:19.188384,0.045,0.955,1.0
2025-12-11T00:13:19.825105,0.045,0.955,1.0
2025-12-11T00:13:20.422437,0.045,0.955,1.0
2025-12-11T00:13:21.035569,0.045,0.955,1.0
2025-12-11T00:13:20.431743,0.045,0.955,1.0
2025-12-11T00:13:21.064619,0.045,0.955,1.0
2025-12-11T00:13:21.669851,0.045,0.955,1.0
2025-12-11T00:13:22.284005,0.045,0.955,1.0
2025-12-11T00:13:22.930167,0.045,0.955,1.0
2025-12-11T00:13:23.587735,0.045,0.955,1.0
2025-12-11T00:13:24.186070,0.045,0.955,1.0
2025-12-11T00:13:24.791736,0.035,0.965,1.0
2025-12-11T00:13:25.397974,0.035,0.965,1.0
2025-12-11T00:13:26.002587,0.025,0.975,1.0
2025-12-11T00:13:26.621348,0.025,0.975,1.0
2025-12-11T00:13:27.228559,0.025,0.975,1.0
2025-12-11T00:13:27.831159,0.025,0.975,1.0
2025-12-11T00:13:28.448760,0.025,0.975,1.0
2025-12-11T00:13:29.056903,0.025,0.975,1.0
2025-12-11T00:13:29.670686,0.025,0.975,1.0
2025-12-11T00:13:30.280773,0.025,0.975,1.0
2025-12-11T00:13:30.895098,0.025,0.975,1.0
2025-12-11T00:13:31.536933,0.025,0.975,1.0
2025-12-11T00:13:32.155247,0.015,0.985,1.0
2025-12-11T00:13:32.756563,0.015,0.985,1.0
2025-12-11T00:13:33.358269,0.015,0.985,1.0
2025-12-11T00:13:33.958592,0.015,0.985,1.0
2025-12-11T00:13:34.569270,0.015,0.985,1.0
2025-12-11T00:13:35.193137,0.015,0.985,1.0
2025-12-11T00:13:35.796400,0.025,0.975,1.0
2025-12-11T00:13:36.422585,0.025,0.975,1.0
2025-12-11T00:13:37.028693,0.025,0.975,1.0
2025-12-11T00:13:37.629039,0.015,0.985,1.0
2025-12-11T00:13:38.232827,0.015,0.985,1.0
2025-12-11T00:13:38.854314,0.015,0.985,1.0
2025-12-11T00:13:39.477799,0.015,0.985,1.0
2025-12-11T00:13:40.093967,0.015,0.985,1.0
2025-12-11T00:13:40.714370,0.015,0.985,1.0
2025-12-11T00:13:41.318753,0.015,0.985,1.0
2025-12-11T00:13:41.919315,0.015,0.985,1.0
2025-12-11T00:13:42.535305,0.015,0.985,1.0
2025-12-11T00:13:43.145610,0.015,0.985,1.0
2025-12-11T00:13:43.763475,0.015,0.985,1.0
2025-12-11T00:13:44.371327,0.015,0.985,1.0
2025-12-11T00:13:44.984323,0.015,0.985,1.0
2025-12-11T00:13:45.608833,0.015,0.985,1.0
2025-12-11T00:13:46.214546,0.015,0.985,1.0
2025-12-11T00:13:46.837555,0.015,0.985,1.0
2025-12-11T00:13:47.454073,0.015,0.985,1.0
2025-12-11T00:13:48.074092,0.015,0.985,1.0
2025-12-11T00:13:48.696591,0.015,0.985,1.0
2025-12-11T00:13:49.309985,0.015,0.985,1.0
2025-12-11T00:13:49.917643,0.015,0.985,1.0
2025-12-11T00:13:50.523706,0.015,0.985,1.0
2025-12-11T00:13:51.129738,0.015,0.985,1.0
2025-12-11T00:13:51.734988,0.015,0.985,1.0
2025-12-11T00:13:52.344071,0.015,0.985,1.0
2025-12-11T00:13:51.708083,0.015,0.985,1.0
2025-12-11T00:13:52.319349,0.015,0.985,1.0
2025-12-11T00:13:52.929729,0.015,0.985,1.0
2025-12-11T00:13:53.547507,0.015,0.985,1.0
2025-12-11T00:13:54.151456,0.015,0.985,1.0
2025-12-11T00:13:54.769510,0.015,0.985,1.0
2025-12-11T00:13:55.376929,0.025,0.975,1.0
2025-12-11T00:13:55.997065,0.025,0.975,1.0
2025-12-11T00:13:56.604456,0.015,0.985,1.0
2025-12-11T00:13:57.219924,0.015,0.985,1.0
2025-12-11T00:13:57.826167,0.015,0.985,1.0
2025-12-11T00:13:58.439936,0.015,0.985,1.0
2025-12-11T00:13:59.049054,0.015,0.985,1.0
2025-12-11T00:13:59.688337,0.005,0.995,1.0
2025-12-11T00:14:00.291898,0.005,0.995,1.0
2025-12-11T00:14:00.910001,0.005,0.995,1.0
2025-12-11T00:14:01.518671,0.005,0.995,1.0
2025-12-11T00:14:02.118362,0.005,0.995,1.0
2025-12-11T00:14:02.723386,0.005,0.995,1.0
2025-12-11T00:14:03.342640,0.005,0.995,1.0
2025-12-11T00:14:03.943860,0.005,0.995,1.0
2025-12-11T00:14:04.543270,0.005,0.995,1.0
2025-12-11T00:14:05.151758,0.005,0.995,1.0
2025-12-11T00:14:05.754367,0.005,0.995,1.0
2025-12-11T00:14:06.377831,0.005,0.995,1.0
2025-12-11T00:14:06.996415,0.005,0.995,1.0
2025-12-11T00:14:07.610141,0.005,0.995,1.0
2025-12-11T00:14:08.221388,0.005,0.995,1.0
2025-12-11T00:14:08.865171,0.005,0.995,1.0
2025-12-11T00:14:09.470962,0.005,0.995,1.0
2025-12-11T00:14:10.076888,0.005,0.995,1.0
2025-12-11T00:14:10.689106,0.005,0.995,1.0
2025-12-11T00:14:11.305554,0.005,0.995,1.0
2025-12-11T00:14:11.919701,0.005,0.995,1.0
2025-12-11T00:14:12.530421,0.005,0.995,1.0
2025-12-11T00:14:13.151490,0.005,0.995,1.0
2025-12-11T00:14:13.764384,0.005,0.995,1.0
2025-12-11T00:14:14.389736,0.005,0.995,1.0
2025-12-11T00:14:15.963794,0.005,0.995,1.0
2025-12-11T00:14:16.590377,0.005,0.995,1.0
2025-12-11T00:14:17.204663,0.005,0.995,1.0
2025-12-11T00:14:17.812973,0.005,0.995,1.0
2025-12-11T00:14:18.423643,0.005,0.995,1.0
2025-12-11T00:14:19.034514,0.005,0.995,1.0
2025-12-11T00:14:19.647439,0.005,0.995,1.0
2025-12-11T00:14:20.261644,0.005,0.995,1.0
2025-12-11T00:14:20.884191,0.005,0.995,1.0
2025-12-11T00:14:21.498726,0.005,0.995,1.0
2025-12-11T00:14:22.109785,0.005,0.995,1.0
2025-12-11T00:14:22.724620,0.005,0.995,1.0
2025-12-11T00:14:23.352994,0.005,0.995,1.0
2025-12-11T00:14:22.728370,0.005,0.995,1.0
2025-12-11T00:14:23.354257,0.005,0.995,1.0
2025-12-11T00:14:23.955678,0.005,0.995,1.0
2025-12-11T00:14:24.563004,0.005,0.995,1.0
2025-12-11T00:14:25.181284,0.005,0.995,1.0
2025-12-11T00:14:25.779336,0.005,0.995,1.0
2025-12-11T00:14:26.393498,0.005,0.995,1.0
2025-12-11T00:14:27.006466,0.005,0.995,1.0
2025-12-11T00:14:27.611564,0.005,0.995,1.0
2025-12-11T00:14:28.218826,0.005,0.995,1.0
2025-12-11T00:14:28.828590,0.005,0.995,1.0
2025-12-11T00:14:29.443576,0.005,0.995,1.0
2025-12-11T00:14:30.043292,0.005,0.995,1.0
2025-12-11T00:14:30.655919,0.005,0.995,1.0
2025-12-11T00:14:31.271397,0.005,0.995,1.0
2025-12-11T00:14:31.884182,0.005,0.995,1.0
2025-12-11T00:14:32.496250,0.005,0.995,1.0
2025-12-11T00:14:33.161735,0.005,0.995,1.0
2025-12-11T00:14:33.786291,0.005,0.995,1.0
2025-12-11T00:14:34.407843,0.005,0.995,1.0
2025-12-11T00:14:35.021637,0.005,0.995,1.0
2025-12-11T00:14:35.634881,0.005,0.995,1.0
2025-12-11T00:14:36.247397,0.005,0.995,1.0
2025-12-11T00:14:36.856147,0.005,0.995,1.0
2025-12-11T00:14:37.466328,0.005,0.995,1.0
2025-12-11T00:14:38.073888,0.005,0.995,1.0
2025-12-11T00:14:38.673762,0.005,0.995,1.0
2025-12-11T00:14:39.310624,0.005,0.995,1.0
2025-12-11T00:14:39.925169,0.005,0.995,1.0
2025-12-11T00:14:40.526847,0.005,0.995,1.0
2025-12-11T00:14:41.150312,0.005,0.995,1.0
2025-12-11T00:14:41.775815,0.005,0.995,1.0
2025-12-11T00:14:42.386103,0.005,0.995,1.0
2025-12-11T00:14:42.994617,0.005,0.995,1.0
2025-12-11T00:14:43.601004,0.005,0.995,1.0
2025-12-11T00:14:44.205427,0.005,0.995,1.0
2025-12-11T00:14:44.822161,0.005,0.995,1.0
2025-12-11T00:14:45.438450,0.005,0.995,1.0
2025-12-11T00:14:46.089130,0.005,0.995,1.0
2025-12-11T00:14:46.693466,0.005,0.995,1.0
2025-12-11T00:14:47.298770,0.005,0.995,1.0
2025-12-11T00:14:47.910125,0.005,0.995,1.0
2025-12-11T00:14:48.517748,0.005,0.995,1.0
2025-12-11T00:14:49.122038,0.005,0.995,1.0
2025-12-11T00:14:49.726102,0.005,0.995,1.0
2025-12-11T00:14:50.335973,0.005,0.995,1.0
2025-12-11T00:14:50.942670,0.005,0.995,1.0
2025-12-11T00:14:51.544743,0.005,0.995,1.0
2025-12-11T00:14:52.162893,0.005,0.995,1.0
2025-12-11T00:14:52.773322,0.005,0.995,1.0
2025-12-11T00:14:53.375414,0.005,0.995,1.0
2025-12-11T00:14:54.005138,0.005,0.995,1.0
2025-12-11T00:14:53.304482,0.005,0.995,1.0
2025-12-11T00:14:53.914953,0.005,0.995,1.0
2025-12-11T00:14:54.530440,0.005,0.995,1.0
2025-12-11T00:14:55.132777,0.005,0.995,1.0
2025-12-11T00:14:55.745462,0.005,0.995,1.0
2025-12-11T00:14:56.369521,0.005,0.995,1.0
2025-12-11T00:14:56.977799,0.005,0.995,1.0
2025-12-11T00:14:57.581512,0.005,0.995,1.0
2025-12-11T00:14:58.189209,0.005,0.995,1.0
2025-12-11T00:14:58.798630,0.005,0.995,1.0
2025-12-11T00:14:59.404675,0.005,0.995,1.0
2025-12-11T00:15:00.006625,0.005,0.995,1.0
2025-12-11T00:15:00.621149,0.005,0.995,1.0
2025-12-11T00:15:01.237470,0.005,0.995,1.0
2025-12-11T00:15:01.859380,0.005,0.995,1.0
2025-12-11T00:15:02.486060,0.005,0.995,1.0
2025-12-11T00:15:03.105523,0.005,0.995,1.0
2025-12-11T00:15:03.782890,0.005,0.995,1.0
2025-12-11T00:15:04.440463,0.005,0.995,1.0
2025-12-11T00:15:05.090417,0.005,0.995,1.0
2025-12-11T00:15:05.834952,0.005,0.995,1.0
2025-12-11T00:15:06.457174,0.005,0.995,1.0
2025-12-11T00:15:07.087214,0.005,0.995,1.0
2025-12-11T00:15:07.700233,0.005,0.995,1.0
2025-12-11T00:15:08.335541,0.005,0.995,1.0
2025-12-11T00:15:08.957006,0.005,0.995,1.0
2025-12-11T00:15:09.577105,0.005,0.995,1.0
2025-12-11T00:15:10.187306,0.005,0.995,1.0
2025-12-11T00:15:10.801686,0.005,0.995,1.0
2025-12-11T00:15:11.411400,0.005,0.995,1.0
2025-12-11T00:15:12.017499,0.005,0.995,1.0
2025-12-11T00:15:12.628456,0.005,0.995,1.0
2025-12-11T00:15:13.235889,0.005,0.995,1.0
2025-12-11T00:15:13.850096,0.005,0.995,1.0
2025-12-11T00:15:14.474065,0.005,0.995,1.0
2025-12-11T00:15:15.083059,0.005,0.995,1.0
2025-12-11T00:15:15.707245,0.005,0.995,1.0
2025-12-11T00:15:16.315486,0.005,0.995,1.0
2025-12-11T00:15:16.912718,0.005,0.995,1.0
2025-12-11T00:15:17.514240,0.005,0.995,1.0
2025-12-11T00:15:18.125400,0.005,0.995,1.0
2025-12-11T00:15:18.752729,0.005,0.995,1.0
2025-12-11T00:15:19.357717,0.005,0.995,1.0
2025-12-11T00:15:19.968197,0.005,0.995,1.0
2025-12-11T00:15:20.568334,0.005,0.995,1.0
2025-12-11T00:15:21.184913,0.005,0.995,1.0
2025-12-11T00:15:21.806505,0.005,0.995,1.0
2025-12-11T00:15:22.424766,0.005,0.995,1.0
2025-12-11T00:15:23.031636,0.005,0.995,1.0
2025-12-11T00:15:23.639111,0.005,0.995,1.0
2025-12-11T00:15:24.259105,0.005,0.995,1.0
2025-12-11T00:15:24.871448,0.005,0.995,1.0
2025-12-11T00:15:24.204785,0.005,0.995,1.0
2025-12-11T00:15:24.810554,0.005,0.995,1.0
2025-12-11T00:15:25.442122,0.005,0.995,1.0
2025-12-11T00:15:26.054465,0.005,0.995,1.0
2025-12-11T00:15:26.668917,0.005,0.995,1.0
2025-12-11T00:15:27.270427,0.005,0.995,1.0
2025-12-11T00:15:27.885890,0.005,0.995,1.0
2025-12-11T00:15:28.500080,0.005,0.995,1.0
2025-12-11T00:15:29.113631,0.005,0.995,1.0
2025-12-11T00:15:29.719602,0.005,0.995,1.0
2025-12-11T00:15:30.328314,0.005,0.995,1.0
2025-12-11T00:15:30.939669,0.005,0.995,1.0
2025-12-11T00:15:31.540015,0.005,0.995,1.0
2025-12-11T00:15:32.153143,0.005,0.995,1.0
2025-12-11T00:15:32.769415,0.005,0.995,1.0
2025-12-11T00:15:33.374564,0.005,0.995,1.0
2025-12-11T00:15:33.986194,0.005,0.995,1.0
2025-12-11T00:15:34.597850,0.005,0.995,1.0
2025-12-11T00:15:35.211509,0.005,0.995,1.0
2025-12-11T00:15:35.857345,0.005,0.995,1.0
2025-12-11T00:15:36.471061,0.005,0.995,1.0
2025-12-11T00:15:37.082654,0.005,0.995,1.0
2025-12-11T00:15:37.690204,0.005,0.995,1.0
2025-12-11T00:15:38.311130,0.005,0.995,1.0
2025-12-11T00:15:38.915149,0.005,0.995,1.0
2025-12-11T00:15:39.530503,0.005,0.995,1.0
2025-12-11T00:15:40.143042,0.005,0.995,1.0
2025-12-11T00:15:40.755475,0.005,0.995,1.0
2025-12-11T00:15:41.370810,0.005,0.995,1.0
2025-12-11T00:15:42.001078,0.005,0.995,1.0
2025-12-11T00:15:42.603195,0.005,0.995,1.0
2025-12-11T00:15:43.215911,0.005,0.995,1.0
2025-12-11T00:15:43.826265,0.005,0.995,1.0
2025-12-11T00:15:44.448607,0.005,0.995,1.0
2025-12-11T00:15:45.054676,0.005,0.995,1.0
2025-12-11T00:15:45.676301,0.005,0.995,1.0
2025-12-11T00:15:46.296449,0.005,0.995,1.0
2025-12-11T00:15:46.907831,0.005,0.995,1.0
2025-12-11T00:15:47.529632,0.005,0.995,1.0
2025-12-11T00:15:48.160042,0.005,0.995,1.0
2025-12-11T00:15:48.783428,0.005,0.995,1.0
2025-12-11T00:15:49.385197,0.005,0.995,1.0
2025-12-11T00:15:49.996551,0.005,0.995,1.0
2025-12-11T00:15:50.619535,0.005,0.995,1.0
2025-12-11T00:15:51.242556,0.005,0.995,1.0
2025-12-11T00:15:51.858433,0.005,0.995,1.0
2025-12-11T00:15:52.466960,0.005,0.995,1.0
2025-12-11T00:15:53.083513,0.005,0.995,1.0
2025-12-11T00:15:53.714603,0.005,0.995,1.0
2025-12-11T00:15:54.342450,0.005,0.995,1.0
2025-12-11T00:15:54.990154,0.005,0.995,1.0
2025-12-11T00:15:55.607437,0.005,0.995,1.0
2025-12-11T00:15:56.222375,0.005,0.995,1.0
2025-12-11T00:15:55.596141,0.005,0.995,1.0
2025-12-11T00:15:56.209320,0.005,0.995,1.0
2025-12-11T00:15:56.845933,0.005,0.995,1.0
2025-12-11T00:15:57.460051,0.005,0.995,1.0
2025-12-11T00:15:58.074264,0.005,0.995,1.0
2025-12-11T00:15:58.691124,0.005,0.995,1.0
2025-12-11T00:15:59.361555,0.005,0.995,1.0
