timestamp,price_yes,price_no,sum_prices
2025-12-11T00:31:00.599636,0.465,0.535,1.0
2025-12-11T00:31:01.201056,0.48,0.515,0.995
2025-12-11T00:31:01.816212,0.485,0.515,1.0
2025-12-11T00:31:02.433372,0.475,0.525,1.0
2025-12-11T00:31:03.048360,0.46,0.545,1.0050000000000001
2025-12-11T00:31:03.675969,0.455,0.545,1.0
2025-12-11T00:31:04.300809,0.46,0.54,1.0
2025-12-11T00:31:04.940787,0.465,0.535,1.0
2025-12-11T00:31:05.563355,0.46,0.54,1.0
2025-12-11T00:31:06.195451,0.455,0.545,1.0
2025-12-11T00:31:06.822888,0.455,0.545,1.0
2025-12-11T00:31:07.456547,0.455,0.545,1.0
2025-12-11T00:31:08.077867,0.46,0.54,1.0
2025-12-11T00:31:08.709495,0.455,0.545,1.0
2025-12-11T00:31:09.328009,0.455,0.545,1.0
2025-12-11T00:31:09.946141,0.46,0.545,1.0050000000000001
2025-12-11T00:31:10.568457,0.46,0.535,0.9950000000000001
2025-12-11T00:31:11.214795,0.465,0.535,1.0
2025-12-11T00:31:11.845312,0.465,0.535,1.0
2025-12-11T00:31:12.482352,0.435,0.565,1.0
2025-12-11T00:31:13.122952,0.435,0.565,1.0
2025-12-11T00:31:13.745705,0.435,0.56,0.9950000000000001
2025-12-11T00:31:14.368792,0.44,0.56,1.0
2025-12-11T00:31:14.979289,0.44,0.56,1.0
2025-12-11T00:31:15.595395,0.445,0.555,1.0
2025-12-11T00:31:16.224764,0.44,0.555,0.9950000000000001
2025-12-11T00:31:16.849020,0.445,0.555,1.0
2025-12-11T00:31:17.467657,0.44,0.56,1.0
2025-12-11T00:31:18.098584,0.44,0.56,1.0
2025-12-11T00:31:18.713070,0.44,0.56,1.0
2025-12-11T00:31:19.332113,0.435,0.565,1.0
2025-12-11T00:31:19.968704,0.44,0.56,1.0
2025-12-11T00:31:20.585893,0.435,0.565,1.0
2025-12-11T00:31:21.193882,0.435,0.56,0.9950000000000001
2025-12-11T00:31:21.818105,0.435,0.565,1.0
2025-12-11T00:31:22.447305,0.435,0.565,1.0
2025-12-11T00:31:23.079322,0.435,0.565,1.0
2025-12-11T00:31:22.243437,0.435,0.565,1.0
2025-12-11T00:31:22.858481,0.435,0.565,1.0
2025-12-11T00:31:23.481371,0.435,0.565,1.0
2025-12-11T00:31:24.097800,0.435,0.565,1.0
2025-12-11T00:31:24.722027,0.435,0.565,1.0
2025-12-11T00:31:25.341040,0.435,0.565,1.0
2025-12-11T00:31:25.954767,0.435,0.565,1.0
2025-12-11T00:31:26.575946,0.435,0.565,1.0
2025-12-11T00:31:27.192550,0.44,0.56,1.0
2025-12-11T00:31:27.807165,0.44,0.56,1.0
2025-12-11T00:31:28.419982,0.44,0.56,1.0
2025-12-11T00:31:29.033688,0.435,0.565,1.0
2025-12-11T00:31:29.638066,0.445,0.555,1.0
2025-12-11T00:31:30.274966,0.445,0.555,1.0
2025-12-11T00:31:30.898366,0.445,0.555,1.0
2025-12-11T00:31:31.520302,0.445,0.555,1.0
2025-12-11T00:31:32.189776,0.445,0.555,1.0
2025-12-11T00:31:32.805856,0.445,0.555,1.0
2025-12-11T00:31:33.427210,0.445,0.555,1.0
2025-12-11T00:31:34.087300,0.435,0.565,1.0
2025-12-11T00:31:34.687014,0.44,0.56,1.0
2025-12-11T00:31:35.306509,0.44,0.56,1.0
2025-12-11T00:31:35.935394,0.44,0.56,1.0
2025-12-11T00:31:36.562016,0.435,0.56,0.9950000000000001
2025-12-11T00:31:37.176474,0.44,0.56,1.0
2025-12-11T00:31:37.795367,0.44,0.56,1.0
2025-12-11T00:31:38.417489,0.44,0.56,1.0
2025-12-11T00:31:39.028317,0.44,0.56,1.0
2025-12-11T00:31:39.638999,0.44,0.56,1.0
2025-12-11T00:31:40.272792,0.44,0.56,1.0
2025-12-11T00:31:40.894857,0.44,0.56,1.0
2025-12-11T00:31:41.525013,0.435,0.565,1.0
2025-12-11T00:31:42.140024,0.44,0.555,0.9950000000000001
2025-12-11T00:31:42.746313,0.445,0.555,1.0
2025-12-11T00:31:43.412558,0.44,0.56,1.0
2025-12-11T00:31:44.048928,0.445,0.555,1.0
2025-12-11T00:31:44.707706,0.445,0.555,1.0
2025-12-11T00:31:45.346011,0.445,0.555,1.0
2025-12-11T00:31:46.011667,0.445,0.555,1.0
2025-12-11T00:31:46.659312,0.435,0.565,1.0
2025-12-11T00:31:47.269655,0.435,0.565,1.0
2025-12-11T00:31:47.872591,0.435,0.57,1.005
2025-12-11T00:31:48.485119,0.425,0.575,1.0
2025-12-11T00:31:49.088703,0.425,0.575,1.0
2025-12-11T00:31:49.728723,0.425,0.575,1.0
2025-12-11T00:31:50.336641,0.425,0.575,1.0
2025-12-11T00:31:50.939446,0.425,0.575,1.0
2025-12-11T00:31:51.560149,0.425,0.575,1.0
2025-12-11T00:31:52.172158,0.425,0.575,1.0
2025-12-11T00:31:52.775041,0.435,0.565,1.0
2025-12-11T00:31:53.401864,0.435,0.565,1.0
2025-12-11T00:31:54.001456,0.435,0.565,1.0
2025-12-11T00:31:53.204688,0.435,0.565,1.0
2025-12-11T00:31:53.808936,0.435,0.565,1.0
2025-12-11T00:31:54.422271,0.435,0.565,1.0
2025-12-11T00:31:55.036551,0.435,0.565,1.0
2025-12-11T00:31:55.651299,0.435,0.565,1.0
2025-12-11T00:31:56.255304,0.435,0.565,1.0
2025-12-11T00:31:56.863681,0.435,0.565,1.0
2025-12-11T00:31:57.471463,0.445,0.555,1.0
2025-12-11T00:31:58.073505,0.445,0.555,1.0
2025-12-11T00:31:58.685801,0.445,0.555,1.0
2025-12-11T00:31:59.289207,0.445,0.555,1.0
2025-12-11T00:31:59.899863,0.455,0.545,1.0
2025-12-11T00:32:00.533166,0.455,0.545,1.0
2025-12-11T00:32:01.152058,0.455,0.545,1.0
2025-12-11T00:32:01.764322,0.465,0.54,1.0050000000000001
2025-12-11T00:32:02.382122,0.46,0.54,1.0
2025-12-11T00:32:02.997672,0.465,0.535,1.0
2025-12-11T00:32:03.611706,0.46,0.54,1.0
2025-12-11T00:32:04.247322,0.455,0.545,1.0
2025-12-11T00:32:04.875246,0.445,0.555,1.0
2025-12-11T00:32:05.483564,0.445,0.555,1.0
2025-12-11T00:32:06.095477,0.445,0.555,1.0
2025-12-11T00:32:06.753893,0.445,0.555,1.0
2025-12-11T00:32:07.429828,0.445,0.555,1.0
2025-12-11T00:32:08.052922,0.445,0.555,1.0
2025-12-11T00:32:08.655594,0.445,0.555,1.0
2025-12-11T00:32:09.264249,0.445,0.555,1.0
2025-12-11T00:32:09.876163,0.445,0.555,1.0
2025-12-11T00:32:10.497531,0.455,0.545,1.0
2025-12-11T00:32:11.107967,0.445,0.555,1.0
2025-12-11T00:32:11.717866,0.455,0.545,1.0
2025-12-11T00:32:12.337506,0.455,0.545,1.0
2025-12-11T00:32:12.951262,0.455,0.545,1.0
2025-12-11T00:32:13.560179,0.455,0.545,1.0
2025-12-11T00:32:14.168680,0.455,0.545,1.0
2025-12-11T00:32:14.783297,0.45,0.55,1.0
2025-12-11T00:32:15.393217,0.445,0.555,1.0
2025-12-11T00:32:16.010302,0.455,0.545,1.0
2025-12-11T00:32:16.612906,0.465,0.535,1.0
2025-12-11T00:32:17.231867,0.465,0.535,1.0
2025-12-11T00:32:17.851530,0.475,0.525,1.0
2025-12-11T00:32:18.472078,0.475,0.525,1.0
2025-12-11T00:32:19.090411,0.485,0.515,1.0
2025-12-11T00:32:19.714796,0.485,0.515,1.0
2025-12-11T00:32:20.362750,0.485,0.505,0.99
2025-12-11T00:32:20.985481,0.505,0.495,1.0
2025-12-11T00:32:21.602825,0.505,0.49,0.995
2025-12-11T00:32:22.214328,0.515,0.485,1.0
2025-12-11T00:32:22.832623,0.515,0.485,1.0
2025-12-11T00:32:23.448938,0.515,0.485,1.0
2025-12-11T00:32:24.077295,0.515,0.485,1.0
2025-12-11T00:32:24.708394,0.525,0.475,1.0
2025-12-11T00:32:23.839106,0.545,0.455,1.0
2025-12-11T00:32:24.456657,0.555,0.445,1.0
2025-12-11T00:32:25.077166,0.57,0.43,1.0
2025-12-11T00:32:25.688150,0.57,0.43,1.0
2025-12-11T00:32:26.302031,0.57,0.43,1.0
2025-12-11T00:32:26.914278,0.575,0.425,1.0
2025-12-11T00:32:27.528525,0.585,0.415,1.0
2025-12-11T00:32:28.144446,0.585,0.415,1.0
2025-12-11T00:32:28.748909,0.595,0.405,1.0
2025-12-11T00:32:29.370258,0.595,0.405,1.0
2025-12-11T00:32:29.984292,0.595,0.405,1.0
2025-12-11T00:32:30.600897,0.615,0.385,1.0
2025-12-11T00:32:31.219078,0.625,0.375,1.0
2025-12-11T00:32:31.819943,0.635,0.365,1.0
2025-12-11T00:32:32.428653,0.625,0.375,1.0
2025-12-11T00:32:33.036725,0.615,0.4,1.0150000000000001
2025-12-11T00:32:33.655803,0.58,0.425,1.005
2025-12-11T00:32:34.272060,0.575,0.425,1.0
2025-12-11T00:32:34.876277,0.59,0.41,1.0
2025-12-11T00:32:35.491799,0.585,0.415,1.0
2025-12-11T00:32:36.103899,0.585,0.415,1.0
2025-12-11T00:32:36.722067,0.59,0.415,1.005
2025-12-11T00:32:37.332762,0.585,0.415,1.0
2025-12-11T00:32:37.953989,0.585,0.415,1.0
2025-12-11T00:32:38.568659,0.585,0.415,1.0
2025-12-11T00:32:39.179777,0.585,0.415,1.0
2025-12-11T00:32:39.777431,0.585,0.415,1.0
2025-12-11T00:32:40.386722,0.575,0.425,1.0
2025-12-11T00:32:40.999307,0.595,0.405,1.0
2025-12-11T00:32:41.619275,0.585,0.42,1.005
2025-12-11T00:32:42.241289,0.575,0.425,1.0
2025-12-11T00:32:42.860782,0.58,0.42,1.0
2025-12-11T00:32:43.472720,0.59,0.41,1.0
2025-12-11T00:32:44.081359,0.59,0.41,1.0
2025-12-11T00:32:44.705124,0.59,0.41,1.0
2025-12-11T00:32:45.306665,0.59,0.41,1.0
2025-12-11T00:32:45.930286,0.59,0.41,1.0
2025-12-11T00:32:46.540930,0.59,0.41,1.0
2025-12-11T00:32:47.161736,0.585,0.415,1.0
2025-12-11T00:32:47.768830,0.585,0.415,1.0
2025-12-11T00:32:48.402058,0.595,0.41,1.005
2025-12-11T00:32:49.032478,0.605,0.395,1.0
2025-12-11T00:32:49.648630,0.595,0.405,1.0
2025-12-11T00:32:50.259467,0.59,0.41,1.0
2025-12-11T00:32:50.877719,0.585,0.415,1.0
2025-12-11T00:32:51.505809,0.58,0.425,1.005
2025-12-11T00:32:52.120182,0.555,0.445,1.0
2025-12-11T00:32:52.725942,0.545,0.45,0.9950000000000001
2025-12-11T00:32:53.339924,0.55,0.45,1.0
2025-12-11T00:32:53.953415,0.55,0.45,1.0
2025-12-11T00:32:54.565997,0.535,0.465,1.0
2025-12-11T00:32:55.175387,0.53,0.465,0.9950000000000001
2025-12-11T00:32:54.400373,0.53,0.47,1.0
2025-12-11T00:32:55.015878,0.525,0.47,0.995
2025-12-11T00:32:55.628667,0.52,0.48,1.0
2025-12-11T00:32:56.240601,0.52,0.48,1.0
2025-12-11T00:32:56.848512,0.525,0.475,1.0
2025-12-11T00:32:57.454483,0.52,0.48,1.0
2025-12-11T00:32:58.070928,0.535,0.465,1.0
2025-12-11T00:32:58.676293,0.525,0.475,1.0
2025-12-11T00:32:59.294785,0.53,0.475,1.005
2025-12-11T00:32:59.914999,0.53,0.47,1.0
2025-12-11T00:33:00.783790,0.525,0.475,1.0
2025-12-11T00:33:01.398796,0.535,0.465,1.0
2025-12-11T00:33:02.019400,0.56,0.435,0.9950000000000001
2025-12-11T00:33:02.630377,0.58,0.42,1.0
2025-12-11T00:33:03.238970,0.575,0.425,1.0
2025-12-11T00:33:03.856680,0.57,0.43,1.0
2025-12-11T00:33:04.471714,0.57,0.43,1.0
2025-12-11T00:33:05.083517,0.57,0.43,1.0
2025-12-11T00:33:05.699583,0.575,0.425,1.0
2025-12-11T00:33:06.312003,0.575,0.425,1.0
2025-12-11T00:33:06.918160,0.565,0.435,1.0
2025-12-11T00:33:07.533912,0.565,0.435,1.0
2025-12-11T00:33:08.151314,0.57,0.43,1.0
2025-12-11T00:33:08.760176,0.575,0.42,0.9949999999999999
2025-12-11T00:33:09.362546,0.58,0.42,1.0
2025-12-11T00:33:09.996459,0.575,0.425,1.0
2025-12-11T00:33:10.608376,0.575,0.425,1.0
2025-12-11T00:33:11.203695,0.575,0.425,1.0
2025-12-11T00:33:11.819101,0.575,0.425,1.0
2025-12-11T00:33:12.428731,0.585,0.415,1.0
2025-12-11T00:33:13.029165,0.585,0.415,1.0
2025-12-11T00:33:13.649782,0.595,0.405,1.0
2025-12-11T00:33:14.280164,0.59,0.41,1.0
2025-12-11T00:33:14.899969,0.605,0.395,1.0
2025-12-11T00:33:15.532425,0.595,0.405,1.0
2025-12-11T00:33:16.155893,0.595,0.405,1.0
2025-12-11T00:33:16.774812,0.59,0.405,0.995
2025-12-11T00:33:17.386917,0.59,0.415,1.005
2025-12-11T00:33:18.016354,0.58,0.42,1.0
2025-12-11T00:33:18.628244,0.575,0.425,1.0
2025-12-11T00:33:19.242717,0.58,0.42,1.0
2025-12-11T00:33:19.859290,0.58,0.42,1.0
2025-12-11T00:33:20.473663,0.575,0.42,0.9949999999999999
2025-12-11T00:33:21.090761,0.58,0.42,1.0
2025-12-11T00:33:21.706171,0.58,0.42,1.0
2025-12-11T00:33:22.333653,0.58,0.42,1.0
2025-12-11T00:33:22.957846,0.58,0.42,1.0
2025-12-11T00:33:23.574901,0.575,0.425,1.0
2025-12-11T00:33:24.189032,0.57,0.43,1.0
2025-12-11T00:33:24.810575,0.57,0.43,1.0
2025-12-11T00:33:25.426415,0.57,0.43,1.0
2025-12-11T00:33:26.038809,0.57,0.43,1.0
2025-12-11T00:33:25.253652,0.57,0.43,1.0
2025-12-11T00:33:25.870068,0.575,0.425,1.0
2025-12-11T00:33:26.491983,0.575,0.425,1.0
2025-12-11T00:33:27.112256,0.575,0.425,1.0
2025-12-11T00:33:27.737845,0.575,0.425,1.0
2025-12-11T00:33:28.353795,0.575,0.425,1.0
2025-12-11T00:33:28.966702,0.575,0.425,1.0
2025-12-11T00:33:29.579510,0.575,0.425,1.0
2025-12-11T00:33:30.198886,0.575,0.425,1.0
2025-12-11T00:33:30.814440,0.575,0.425,1.0
2025-12-11T00:33:31.423672,0.575,0.425,1.0
2025-12-11T00:33:32.045127,0.575,0.425,1.0
2025-12-11T00:33:32.661408,0.575,0.415,0.99
2025-12-11T00:33:33.274624,0.58,0.42,1.0
2025-12-11T00:33:33.891722,0.58,0.42,1.0
2025-12-11T00:33:34.507493,0.58,0.42,1.0
2025-12-11T00:33:35.133002,0.58,0.42,1.0
2025-12-11T00:33:35.741554,0.58,0.42,1.0
2025-12-11T00:33:36.370643,0.58,0.42,1.0
2025-12-11T00:33:36.988261,0.58,0.42,1.0
2025-12-11T00:33:37.606759,0.58,0.42,1.0
2025-12-11T00:33:38.214954,0.575,0.425,1.0
2025-12-11T00:33:38.820686,0.58,0.42,1.0
2025-12-11T00:33:39.429645,0.58,0.42,1.0
2025-12-11T00:33:40.033675,0.58,0.42,1.0
2025-12-11T00:33:40.641228,0.58,0.42,1.0
2025-12-11T00:33:41.239574,0.575,0.43,1.005
2025-12-11T00:33:41.838281,0.57,0.43,1.0
2025-12-11T00:33:42.488057,0.565,0.435,1.0
2025-12-11T00:33:43.092873,0.565,0.435,1.0
2025-12-11T00:33:43.699795,0.575,0.425,1.0
2025-12-11T00:33:44.321249,0.57,0.435,1.005
2025-12-11T00:33:44.928965,0.565,0.435,1.0
2025-12-11T00:33:45.552984,0.57,0.43,1.0
2025-12-11T00:33:46.154506,0.565,0.435,1.0
2025-12-11T00:33:46.791290,0.575,0.425,1.0
2025-12-11T00:33:50.830401,0.585,0.415,1.0
2025-12-11T00:33:51.426917,0.595,0.405,1.0
2025-12-11T00:33:52.037010,0.595,0.405,1.0
2025-12-11T00:33:52.654169,0.595,0.405,1.0
2025-12-11T00:33:53.271741,0.585,0.415,1.0
2025-12-11T00:33:53.875594,0.585,0.415,1.0
2025-12-11T00:33:54.482158,0.585,0.415,1.0
2025-12-11T00:33:55.097360,0.58,0.42,1.0
2025-12-11T00:33:55.713405,0.58,0.42,1.0
2025-12-11T00:33:56.323928,0.58,0.42,1.0
2025-12-11T00:33:56.948517,0.585,0.415,1.0
2025-12-11T00:33:56.135002,0.585,0.415,1.0
2025-12-11T00:33:56.757484,0.585,0.415,1.0
2025-12-11T00:33:57.373110,0.585,0.415,1.0
2025-12-11T00:33:57.979557,0.585,0.415,1.0
2025-12-11T00:33:58.583150,0.595,0.405,1.0
2025-12-11T00:33:59.194826,0.585,0.415,1.0
2025-12-11T00:33:59.800788,0.585,0.415,1.0
2025-12-11T00:34:00.414537,0.585,0.415,1.0
2025-12-11T00:34:01.026046,0.59,0.41,1.0
2025-12-11T00:34:01.638651,0.59,0.41,1.0
2025-12-11T00:34:02.265951,0.59,0.41,1.0
2025-12-11T00:34:02.881782,0.59,0.41,1.0
2025-12-11T00:34:03.496935,0.59,0.41,1.0
2025-12-11T00:34:04.110585,0.585,0.415,1.0
2025-12-11T00:34:04.722710,0.585,0.415,1.0
2025-12-11T00:34:05.337845,0.585,0.415,1.0
2025-12-11T00:34:05.957537,0.585,0.415,1.0
2025-12-11T00:34:06.572549,0.585,0.415,1.0
2025-12-11T00:34:07.193012,0.585,0.415,1.0
2025-12-11T00:34:07.818548,0.595,0.405,1.0
2025-12-11T00:34:08.443427,0.595,0.405,1.0
2025-12-11T00:34:09.052466,0.585,0.415,1.0
2025-12-11T00:34:09.682685,0.59,0.41,1.0
2025-12-11T00:34:10.285031,0.59,0.41,1.0
2025-12-11T00:34:10.926623,0.59,0.41,1.0
2025-12-11T00:34:11.557759,0.585,0.415,1.0
2025-12-11T00:34:12.186757,0.585,0.415,1.0
2025-12-11T00:34:12.811501,0.58,0.42,1.0
2025-12-11T00:34:13.428494,0.575,0.425,1.0
2025-12-11T00:34:14.034517,0.57,0.425,0.9949999999999999
2025-12-11T00:34:14.652448,0.575,0.425,1.0
2025-12-11T00:34:15.281676,0.565,0.435,1.0
2025-12-11T00:34:15.903990,0.565,0.435,1.0
2025-12-11T00:34:16.522281,0.565,0.435,1.0
2025-12-11T00:34:17.145389,0.57,0.425,0.9949999999999999
2025-12-11T00:34:17.768689,0.575,0.425,1.0
2025-12-11T00:34:18.369683,0.575,0.425,1.0
2025-12-11T00:34:18.984391,0.575,0.425,1.0
2025-12-11T00:34:19.587000,0.575,0.425,1.0
2025-12-11T00:34:20.200568,0.575,0.425,1.0
2025-12-11T00:34:20.825683,0.57,0.43,1.0
2025-12-11T00:34:21.440026,0.57,0.425,0.9949999999999999
2025-12-11T00:34:22.062488,0.575,0.425,1.0
2025-12-11T00:34:22.686043,0.575,0.425,1.0
2025-12-11T00:34:23.305098,0.575,0.425,1.0
2025-12-11T00:34:23.926061,0.575,0.425,1.0
2025-12-11T00:34:24.543198,0.575,0.425,1.0
2025-12-11T00:34:25.238926,0.575,0.425,1.0
2025-12-11T00:34:25.858243,0.575,0.425,1.0
2025-12-11T00:34:26.478167,0.575,0.425,1.0
2025-12-11T00:34:27.097243,0.585,0.415,1.0
2025-12-11T00:34:27.713100,0.585,0.42,1.005
2025-12-11T00:34:26.863931,0.575,0.425,1.0
2025-12-11T00:34:27.542102,0.575,0.425,1.0
2025-12-11T00:34:28.161988,0.575,0.425,1.0
2025-12-11T00:34:28.779401,0.575,0.425,1.0
2025-12-11T00:34:29.398101,0.575,0.425,1.0
2025-12-11T00:34:30.023575,0.575,0.425,1.0
2025-12-11T00:34:30.641819,0.575,0.425,1.0
2025-12-11T00:34:31.256645,0.575,0.425,1.0
2025-12-11T00:34:31.885395,0.575,0.425,1.0
2025-12-11T00:34:32.497227,0.575,0.425,1.0
2025-12-11T00:34:33.142781,0.575,0.425,1.0
2025-12-11T00:34:33.774830,0.575,0.425,1.0
2025-12-11T00:34:34.393139,0.575,0.425,1.0
2025-12-11T00:34:35.007801,0.575,0.425,1.0
2025-12-11T00:34:35.775500,0.575,0.425,1.0
2025-12-11T00:34:36.406223,0.575,0.425,1.0
2025-12-11T00:34:37.025091,0.575,0.425,1.0
2025-12-11T00:34:37.639206,0.585,0.415,1.0
2025-12-11T00:34:38.248435,0.585,0.415,1.0
2025-12-11T00:34:38.858102,0.585,0.415,1.0
2025-12-11T00:34:39.468604,0.585,0.415,1.0
2025-12-11T00:34:40.080395,0.585,0.415,1.0
2025-12-11T00:34:40.701873,0.585,0.415,1.0
2025-12-11T00:34:41.328929,0.585,0.415,1.0
2025-12-11T00:34:41.955658,0.585,0.415,1.0
2025-12-11T00:34:42.568937,0.585,0.415,1.0
2025-12-11T00:34:43.195006,0.585,0.415,1.0
2025-12-11T00:34:43.826795,0.585,0.415,1.0
2025-12-11T00:34:44.446909,0.585,0.415,1.0
2025-12-11T00:34:45.060431,0.585,0.415,1.0
2025-12-11T00:34:45.664467,0.585,0.415,1.0
2025-12-11T00:34:46.279262,0.585,0.415,1.0
2025-12-11T00:34:46.919637,0.585,0.415,1.0
2025-12-11T00:34:47.540419,0.585,0.415,1.0
2025-12-11T00:34:48.181388,0.585,0.415,1.0
2025-12-11T00:34:48.796739,0.585,0.415,1.0
2025-12-11T00:34:49.413327,0.585,0.415,1.0
2025-12-11T00:34:50.035622,0.585,0.42,1.005
2025-12-11T00:34:50.680559,0.575,0.425,1.0
2025-12-11T00:34:51.286159,0.535,0.465,1.0
2025-12-11T00:34:51.923831,0.535,0.465,1.0
2025-12-11T00:34:52.550084,0.535,0.465,1.0
2025-12-11T00:34:53.167489,0.535,0.465,1.0
2025-12-11T00:34:53.785968,0.535,0.465,1.0
2025-12-11T00:34:54.405604,0.54,0.46,1.0
2025-12-11T00:34:55.023324,0.545,0.455,1.0
2025-12-11T00:34:55.639485,0.545,0.455,1.0
2025-12-11T00:34:56.258663,0.545,0.455,1.0
2025-12-11T00:34:56.882818,0.545,0.455,1.0
2025-12-11T00:34:57.493815,0.54,0.46,1.0
2025-12-11T00:34:58.109539,0.545,0.455,1.0
2025-12-11T00:34:58.739814,0.545,0.455,1.0
2025-12-11T00:34:57.958315,0.54,0.46,1.0
2025-12-11T00:34:58.578280,0.54,0.46,1.0
2025-12-11T00:34:59.209384,0.535,0.465,1.0
2025-12-11T00:34:59.822740,0.54,0.46,1.0
2025-12-11T00:35:00.442702,0.54,0.46,1.0
2025-12-11T00:35:01.060074,0.535,0.465,1.0
2025-12-11T00:35:01.675712,0.535,0.465,1.0
2025-12-11T00:35:02.322429,0.545,0.455,1.0
2025-12-11T00:35:02.937318,0.54,0.46,1.0
2025-12-11T00:35:03.551915,0.54,0.46,1.0
2025-12-11T00:35:04.173376,0.54,0.46,1.0
2025-12-11T00:35:04.779214,0.545,0.455,1.0
2025-12-11T00:35:05.395791,0.54,0.46,1.0
2025-12-11T00:35:06.003552,0.545,0.455,1.0
2025-12-11T00:35:06.630449,0.535,0.46,0.9950000000000001
2025-12-11T00:35:07.247354,0.54,0.465,1.0050000000000001
2025-12-11T00:35:07.864442,0.555,0.445,1.0
2025-12-11T00:35:08.483475,0.565,0.435,1.0
2025-12-11T00:35:09.098990,0.58,0.42,1.0
2025-12-11T00:35:09.730800,0.58,0.42,1.0
2025-12-11T00:35:10.344583,0.58,0.42,1.0
2025-12-11T00:35:10.961491,0.58,0.42,1.0
2025-12-11T00:35:11.603607,0.58,0.42,1.0
2025-12-11T00:35:12.220472,0.58,0.42,1.0
2025-12-11T00:35:12.832979,0.595,0.405,1.0
2025-12-11T00:35:13.450164,0.59,0.41,1.0
2025-12-11T00:35:14.071180,0.6,0.4,1.0
2025-12-11T00:35:14.700296,0.59,0.41,1.0
2025-12-11T00:35:15.346668,0.59,0.41,1.0
2025-12-11T00:35:15.956603,0.59,0.41,1.0
2025-12-11T00:35:16.569587,0.59,0.41,1.0
2025-12-11T00:35:17.188894,0.585,0.415,1.0
2025-12-11T00:35:17.802310,0.575,0.425,1.0
2025-12-11T00:35:18.419507,0.575,0.425,1.0
2025-12-11T00:35:19.062202,0.575,0.425,1.0
2025-12-11T00:35:19.667742,0.575,0.425,1.0
2025-12-11T00:35:20.283557,0.575,0.425,1.0
2025-12-11T00:35:20.902117,0.575,0.425,1.0
2025-12-11T00:35:21.517214,0.575,0.425,1.0
2025-12-11T00:35:22.130499,0.575,0.425,1.0
2025-12-11T00:35:22.783158,0.575,0.425,1.0
2025-12-11T00:35:23.428162,0.575,0.425,1.0
2025-12-11T00:35:24.053059,0.575,0.425,1.0
2025-12-11T00:35:24.699823,0.575,0.425,1.0
2025-12-11T00:35:25.320333,0.575,0.425,1.0
2025-12-11T00:35:25.940026,0.575,0.425,1.0
2025-12-11T00:35:26.550007,0.575,0.425,1.0
2025-12-11T00:35:27.167985,0.575,0.425,1.0
2025-12-11T00:35:27.792659,0.58,0.42,1.0
2025-12-11T00:35:28.424500,0.59,0.41,1.0
2025-12-11T00:35:29.025467,0.59,0.41,1.0
2025-12-11T00:35:29.646874,0.59,0.41,1.0
2025-12-11T00:35:28.855088,0.59,0.41,1.0
2025-12-11T00:35:29.469850,0.585,0.41,0.9949999999999999
2025-12-11T00:35:30.087422,0.585,0.415,1.0
2025-12-11T00:35:30.706983,0.59,0.41,1.0
2025-12-11T00:35:31.326393,0.595,0.405,1.0
2025-12-11T00:35:31.941042,0.585,0.415,1.0
2025-12-11T00:35:32.564457,0.585,0.415,1.0
2025-12-11T00:35:33.184207,0.575,0.425,1.0
2025-12-11T00:35:33.812753,0.575,0.425,1.0
2025-12-11T00:35:34.432553,0.575,0.425,1.0
2025-12-11T00:35:35.051184,0.575,0.425,1.0
2025-12-11T00:35:35.671258,0.575,0.425,1.0
2025-12-11T00:35:36.296072,0.575,0.425,1.0
2025-12-11T00:35:36.912756,0.575,0.425,1.0
2025-12-11T00:35:37.537914,0.575,0.425,1.0
2025-12-11T00:35:38.157624,0.575,0.425,1.0
2025-12-11T00:35:38.784186,0.575,0.425,1.0
2025-12-11T00:35:39.399819,0.575,0.425,1.0
2025-12-11T00:35:40.083372,0.575,0.425,1.0
2025-12-11T00:35:40.709901,0.565,0.435,1.0
2025-12-11T00:35:41.326474,0.555,0.455,1.01
2025-12-11T00:35:41.945005,0.525,0.475,1.0
2025-12-11T00:35:42.561649,0.515,0.485,1.0
2025-12-11T00:35:43.178711,0.515,0.485,1.0
2025-12-11T00:35:43.818527,0.515,0.485,1.0
2025-12-11T00:35:44.435871,0.515,0.485,1.0
2025-12-11T00:35:45.086507,0.515,0.485,1.0
2025-12-11T00:35:45.704443,0.515,0.485,1.0
2025-12-11T00:35:46.337619,0.505,0.495,1.0
2025-12-11T00:35:46.964817,0.505,0.495,1.0
2025-12-11T00:35:47.596835,0.505,0.495,1.0
2025-12-11T00:35:48.236902,0.505,0.495,1.0
2025-12-11T00:35:48.920344,0.505,0.495,1.0
2025-12-11T00:35:49.536860,0.505,0.495,1.0
2025-12-11T00:35:50.155490,0.505,0.495,1.0
2025-12-11T00:35:50.769721,0.505,0.495,1.0
2025-12-11T00:35:51.376487,0.505,0.495,1.0
2025-12-11T00:35:51.996898,0.505,0.495,1.0
2025-12-11T00:35:52.617048,0.505,0.495,1.0
2025-12-11T00:35:53.234993,0.505,0.495,1.0
2025-12-11T00:35:53.850352,0.505,0.495,1.0
2025-12-11T00:35:54.479958,0.505,0.495,1.0
2025-12-11T00:35:55.100788,0.505,0.495,1.0
2025-12-11T00:35:55.716095,0.505,0.495,1.0
2025-12-11T00:35:56.330221,0.515,0.485,1.0
2025-12-11T00:35:56.956080,0.515,0.485,1.0
2025-12-11T00:35:57.583717,0.51,0.49,1.0
2025-12-11T00:35:58.199937,0.515,0.485,1.0
2025-12-11T00:35:58.870056,0.51,0.49,1.0
2025-12-11T00:35:59.519731,0.51,0.49,1.0
2025-12-11T00:36:00.133547,0.505,0.495,1.0
2025-12-11T00:35:59.252399,0.505,0.495,1.0
2025-12-11T00:35:59.869184,0.51,0.49,1.0
2025-12-11T00:36:00.487933,0.51,0.49,1.0
2025-12-11T00:36:01.109377,0.515,0.485,1.0
2025-12-11T00:36:01.730308,0.515,0.485,1.0
2025-12-11T00:36:02.365955,0.515,0.485,1.0
2025-12-11T00:36:02.983293,0.515,0.485,1.0
2025-12-11T00:36:03.614404,0.515,0.485,1.0
2025-12-11T00:36:04.233761,0.515,0.485,1.0
2025-12-11T00:36:04.852113,0.515,0.485,1.0
2025-12-11T00:36:05.466163,0.555,0.445,1.0
2025-12-11T00:36:06.082838,0.565,0.435,1.0
2025-12-11T00:36:06.692772,0.575,0.425,1.0
2025-12-11T00:36:07.329647,0.575,0.43,1.005
2025-12-11T00:36:07.944899,0.565,0.435,1.0
2025-12-11T00:36:08.587329,0.555,0.445,1.0
2025-12-11T00:36:09.204357,0.555,0.445,1.0
2025-12-11T00:36:09.816351,0.555,0.445,1.0
2025-12-11T00:36:10.434452,0.555,0.445,1.0
2025-12-11T00:36:11.037366,0.555,0.445,1.0
2025-12-11T00:36:11.673342,0.56,0.44,1.0
2025-12-11T00:36:12.283749,0.56,0.44,1.0
2025-12-11T00:36:12.889839,0.56,0.445,1.0050000000000001
2025-12-11T00:36:13.539891,0.52,0.49,1.01
2025-12-11T00:36:14.164345,0.485,0.515,1.0
2025-12-11T00:36:14.786802,0.48,0.525,1.005
2025-12-11T00:36:15.408111,0.46,0.54,1.0
2025-12-11T00:36:16.020922,0.44,0.555,0.9950000000000001
2025-12-11T00:36:16.660472,0.435,0.565,1.0
2025-12-11T00:36:17.278702,0.435,0.565,1.0
2025-12-11T00:36:17.895147,0.435,0.565,1.0
2025-12-11T00:36:18.518715,0.435,0.565,1.0
2025-12-11T00:36:19.139299,0.435,0.565,1.0
2025-12-11T00:36:19.759056,0.435,0.565,1.0
2025-12-11T00:36:20.387268,0.445,0.555,1.0
2025-12-11T00:36:21.005191,0.44,0.56,1.0
2025-12-11T00:36:21.624394,0.445,0.555,1.0
2025-12-11T00:36:22.239641,0.445,0.555,1.0
2025-12-11T00:36:22.857860,0.445,0.555,1.0
2025-12-11T00:36:23.468819,0.455,0.545,1.0
2025-12-11T00:36:24.081946,0.445,0.555,1.0
2025-12-11T00:36:24.707509,0.445,0.555,1.0
2025-12-11T00:36:25.331092,0.445,0.555,1.0
2025-12-11T00:36:26.001567,0.445,0.555,1.0
2025-12-11T00:36:26.620573,0.445,0.555,1.0
2025-12-11T00:36:27.229117,0.425,0.575,1.0
2025-12-11T00:36:27.851824,0.415,0.585,1.0
2025-12-11T00:36:28.461457,0.405,0.595,1.0
2025-12-11T00:36:29.072686,0.385,0.615,1.0
2025-12-11T00:36:29.677398,0.385,0.615,1.0
2025-12-11T00:36:30.289049,0.385,0.615,1.0
2025-12-11T00:36:30.905025,0.385,0.615,1.0
2025-12-11T00:36:29.971238,0.385,0.615,1.0
2025-12-11T00:36:30.584274,0.385,0.615,1.0
2025-12-11T00:36:31.201162,0.38,0.625,1.005
2025-12-11T00:36:31.820053,0.375,0.625,1.0
2025-12-11T00:36:32.432819,0.375,0.625,1.0
2025-12-11T00:36:33.041743,0.365,0.635,1.0
2025-12-11T00:36:33.651639,0.365,0.635,1.0
2025-12-11T00:36:34.253060,0.365,0.635,1.0
2025-12-11T00:36:34.872386,0.365,0.635,1.0
2025-12-11T00:36:35.482832,0.365,0.625,0.99
2025-12-11T00:36:36.084761,0.37,0.63,1.0
2025-12-11T00:36:36.690624,0.365,0.635,1.0
2025-12-11T00:36:37.302042,0.365,0.635,1.0
2025-12-11T00:36:37.907350,0.375,0.625,1.0
2025-12-11T00:36:38.519620,0.375,0.625,1.0
2025-12-11T00:36:39.122470,0.375,0.625,1.0
2025-12-11T00:36:39.733386,0.375,0.625,1.0
2025-12-11T00:36:40.332234,0.375,0.625,1.0
2025-12-11T00:36:40.935617,0.375,0.625,1.0
2025-12-11T00:36:41.540556,0.375,0.625,1.0
2025-12-11T00:36:42.189271,0.38,0.62,1.0
2025-12-11T00:36:42.795916,0.385,0.615,1.0
2025-12-11T00:36:43.401673,0.385,0.615,1.0
2025-12-11T00:36:44.010378,0.385,0.615,1.0
2025-12-11T00:36:44.607134,0.38,0.62,1.0
2025-12-11T00:36:45.224969,0.38,0.62,1.0
2025-12-11T00:36:45.842387,0.385,0.615,1.0
2025-12-11T00:36:46.449362,0.38,0.62,1.0
2025-12-11T00:36:47.063595,0.38,0.62,1.0
2025-12-11T00:36:47.668569,0.38,0.62,1.0
2025-12-11T00:36:48.293734,0.38,0.62,1.0
2025-12-11T00:36:48.890611,0.38,0.62,1.0
2025-12-11T00:36:49.513966,0.38,0.62,1.0
2025-12-11T00:36:50.133017,0.375,0.625,1.0
2025-12-11T00:36:50.738890,0.365,0.635,1.0
2025-12-11T00:36:51.345733,0.355,0.645,1.0
2025-12-11T00:36:51.946469,0.355,0.645,1.0
2025-12-11T00:36:52.554440,0.355,0.645,1.0
2025-12-11T00:36:53.164055,0.355,0.645,1.0
2025-12-11T00:36:53.769806,0.355,0.645,1.0
2025-12-11T00:36:54.458548,0.36,0.64,1.0
2025-12-11T00:36:55.071678,0.365,0.635,1.0
2025-12-11T00:36:55.713150,0.375,0.625,1.0
2025-12-11T00:36:56.314910,0.375,0.625,1.0
2025-12-11T00:36:56.922175,0.375,0.625,1.0
2025-12-11T00:36:57.535715,0.375,0.625,1.0
2025-12-11T00:36:58.142426,0.375,0.625,1.0
2025-12-11T00:36:58.748491,0.375,0.625,1.0
2025-12-11T00:36:59.411500,0.375,0.625,1.0
2025-12-11T00:37:00.018990,0.375,0.625,1.0
2025-12-11T00:37:00.626414,0.375,0.625,1.0
2025-12-11T00:37:01.229585,0.375,0.625,1.0
2025-12-11T00:37:01.831603,0.375,0.625,1.0
2025-12-11T00:37:01.047869,0.375,0.625,1.0
2025-12-11T00:37:01.654455,0.375,0.625,1.0
2025-12-11T00:37:02.262678,0.365,0.635,1.0
2025-12-11T00:37:02.869840,0.375,0.625,1.0
2025-12-11T00:37:03.471611,0.375,0.625,1.0
2025-12-11T00:37:04.073764,0.375,0.625,1.0
2025-12-11T00:37:04.686621,0.375,0.625,1.0
2025-12-11T00:37:05.302857,0.375,0.625,1.0
2025-12-11T00:37:05.916812,0.375,0.625,1.0
2025-12-11T00:37:06.523107,0.375,0.625,1.0
2025-12-11T00:37:07.126243,0.375,0.625,1.0
2025-12-11T00:37:07.807132,0.38,0.62,1.0
2025-12-11T00:37:08.423425,0.38,0.62,1.0
2025-12-11T00:37:09.027985,0.385,0.615,1.0
2025-12-11T00:37:09.642821,0.385,0.615,1.0
2025-12-11T00:37:10.249350,0.395,0.605,1.0
2025-12-11T00:37:10.855942,0.42,0.58,1.0
2025-12-11T00:37:11.461041,0.425,0.575,1.0
2025-12-11T00:37:12.079823,0.425,0.575,1.0
2025-12-11T00:37:12.698503,0.45,0.55,1.0
2025-12-11T00:37:13.306100,0.455,0.545,1.0
2025-12-11T00:37:13.917890,0.455,0.545,1.0
2025-12-11T00:37:14.521148,0.455,0.545,1.0
2025-12-11T00:37:15.140889,0.465,0.535,1.0
2025-12-11T00:37:15.751055,0.455,0.545,1.0
2025-12-11T00:37:16.353308,0.425,0.575,1.0
2025-12-11T00:37:16.978964,0.425,0.575,1.0
2025-12-11T00:37:17.595087,0.425,0.575,1.0
2025-12-11T00:37:18.263385,0.425,0.575,1.0
2025-12-11T00:37:18.928452,0.425,0.575,1.0
2025-12-11T00:37:19.531746,0.425,0.575,1.0
2025-12-11T00:37:20.139276,0.43,0.57,1.0
2025-12-11T00:37:20.753090,0.425,0.58,1.005
2025-12-11T00:37:21.360807,0.415,0.6,1.015
2025-12-11T00:37:21.999922,0.385,0.615,1.0
2025-12-11T00:37:22.613446,0.375,0.625,1.0
2025-12-11T00:37:23.219146,0.375,0.625,1.0
2025-12-11T00:37:23.874984,0.385,0.615,1.0
2025-12-11T00:37:24.475245,0.37,0.63,1.0
2025-12-11T00:37:25.077672,0.375,0.625,1.0
2025-12-11T00:37:25.681113,0.37,0.63,1.0
2025-12-11T00:37:26.279441,0.37,0.63,1.0
2025-12-11T00:37:26.890587,0.37,0.63,1.0
2025-12-11T00:37:27.503437,0.37,0.63,1.0
2025-12-11T00:37:28.107438,0.36,0.645,1.005
2025-12-11T00:37:28.713105,0.355,0.645,1.0
2025-12-11T00:37:29.323790,0.35,0.655,1.005
2025-12-11T00:37:29.946886,0.345,0.655,1.0
2025-12-11T00:37:30.568432,0.345,0.655,1.0
2025-12-11T00:37:31.205975,0.345,0.655,1.0
2025-12-11T00:37:31.809757,0.345,0.655,1.0
2025-12-11T00:37:32.426104,0.345,0.655,1.0
2025-12-11T00:37:31.615728,0.345,0.655,1.0
2025-12-11T00:37:32.375068,0.345,0.655,1.0
2025-12-11T00:37:32.980573,0.345,0.655,1.0
2025-12-11T00:37:33.590600,0.345,0.655,1.0
2025-12-11T00:37:34.208776,0.35,0.655,1.005
2025-12-11T00:37:34.828130,0.34,0.665,1.0050000000000001
2025-12-11T00:37:35.447766,0.335,0.665,1.0
2025-12-11T00:37:36.046002,0.335,0.665,1.0
2025-12-11T00:37:36.646212,0.335,0.665,1.0
2025-12-11T00:37:37.259278,0.335,0.665,1.0
2025-12-11T00:37:37.869653,0.335,0.665,1.0
2025-12-11T00:37:38.479949,0.34,0.66,1.0
2025-12-11T00:37:39.083123,0.335,0.665,1.0
2025-12-11T00:37:39.690250,0.34,0.66,1.0
2025-12-11T00:37:40.300828,0.335,0.66,0.9950000000000001
2025-12-11T00:37:40.911117,0.345,0.655,1.0
2025-12-11T00:37:41.516283,0.335,0.665,1.0
2025-12-11T00:37:42.129398,0.335,0.665,1.0
2025-12-11T00:37:42.835140,0.335,0.665,1.0
2025-12-11T00:37:43.476239,0.345,0.655,1.0
2025-12-11T00:37:44.089998,0.34,0.66,1.0
2025-12-11T00:37:44.702412,0.335,0.665,1.0
2025-12-11T00:37:45.331484,0.335,0.665,1.0
2025-12-11T00:37:45.951332,0.335,0.665,1.0
2025-12-11T00:37:46.565074,0.325,0.675,1.0
2025-12-11T00:37:47.170043,0.315,0.685,1.0
2025-12-11T00:37:47.782327,0.315,0.685,1.0
2025-12-11T00:37:48.390691,0.315,0.685,1.0
2025-12-11T00:37:49.006940,0.315,0.685,1.0
2025-12-11T00:37:49.609847,0.315,0.685,1.0
2025-12-11T00:37:50.217230,0.315,0.685,1.0
2025-12-11T00:37:50.850628,0.315,0.685,1.0
2025-12-11T00:37:51.460103,0.315,0.685,1.0
2025-12-11T00:37:52.069605,0.31,0.69,1.0
2025-12-11T00:37:52.676904,0.31,0.69,1.0
2025-12-11T00:37:53.309658,0.31,0.69,1.0
2025-12-11T00:37:53.910492,0.31,0.69,1.0
2025-12-11T00:37:54.526718,0.31,0.69,1.0
2025-12-11T00:37:55.135526,0.31,0.69,1.0
2025-12-11T00:37:55.744119,0.31,0.69,1.0
2025-12-11T00:37:56.352893,0.31,0.69,1.0
2025-12-11T00:37:56.963263,0.31,0.69,1.0
2025-12-11T00:37:57.586615,0.31,0.69,1.0
2025-12-11T00:37:58.198617,0.31,0.69,1.0
2025-12-11T00:37:58.807615,0.315,0.685,1.0
2025-12-11T00:37:59.417470,0.315,0.685,1.0
2025-12-11T00:38:00.020199,0.315,0.685,1.0
2025-12-11T00:38:00.627247,0.305,0.695,1.0
2025-12-11T00:38:01.230087,0.3,0.7,1.0
2025-12-11T00:38:01.896267,0.295,0.705,1.0
2025-12-11T00:38:02.505322,0.285,0.715,1.0
2025-12-11T00:38:03.112642,0.255,0.745,1.0
2025-12-11T00:38:03.718823,0.255,0.745,1.0
2025-12-11T00:38:02.903004,0.255,0.745,1.0
2025-12-11T00:38:03.499350,0.275,0.725,1.0
2025-12-11T00:38:04.106690,0.285,0.715,1.0
2025-12-11T00:38:04.722949,0.305,0.695,1.0
2025-12-11T00:38:05.330769,0.285,0.705,0.99
2025-12-11T00:38:05.940804,0.295,0.705,1.0
2025-12-11T00:38:06.554445,0.295,0.705,1.0
2025-12-11T00:38:07.162615,0.285,0.715,1.0
2025-12-11T00:38:07.768209,0.295,0.705,1.0
2025-12-11T00:38:08.387175,0.3,0.7,1.0
2025-12-11T00:38:09.005438,0.295,0.705,1.0
2025-12-11T00:38:09.619581,0.295,0.705,1.0
2025-12-11T00:38:10.223111,0.285,0.715,1.0
2025-12-11T00:38:10.823925,0.26,0.74,1.0
2025-12-11T00:38:11.436613,0.245,0.755,1.0
2025-12-11T00:38:12.041752,0.195,0.805,1.0
2025-12-11T00:38:12.668559,0.185,0.815,1.0
2025-12-11T00:38:13.293380,0.185,0.815,1.0
2025-12-11T00:38:13.897704,0.185,0.815,1.0
2025-12-11T00:38:14.505271,0.2,0.805,1.0050000000000001
2025-12-11T00:38:15.112051,0.195,0.805,1.0
2025-12-11T00:38:15.717883,0.185,0.815,1.0
2025-12-11T00:38:16.330917,0.185,0.815,1.0
2025-12-11T00:38:16.935017,0.185,0.815,1.0
2025-12-11T00:38:17.540550,0.195,0.805,1.0
2025-12-11T00:38:18.146773,0.195,0.805,1.0
2025-12-11T00:38:18.751618,0.18,0.82,1.0
2025-12-11T00:38:19.376855,0.175,0.825,1.0
2025-12-11T00:38:19.989962,0.175,0.825,1.0
2025-12-11T00:38:20.603394,0.175,0.825,1.0
2025-12-11T00:38:21.218349,0.175,0.825,1.0
2025-12-11T00:38:21.828764,0.16,0.84,1.0
2025-12-11T00:38:22.440033,0.155,0.845,1.0
2025-12-11T00:38:23.048864,0.155,0.845,1.0
2025-12-11T00:38:23.649577,0.16,0.84,1.0
2025-12-11T00:38:24.271226,0.175,0.825,1.0
2025-12-11T00:38:24.880332,0.17,0.83,1.0
2025-12-11T00:38:25.488647,0.185,0.815,1.0
2025-12-11T00:38:26.101741,0.185,0.815,1.0
2025-12-11T00:38:26.714415,0.175,0.825,1.0
2025-12-11T00:38:27.325776,0.175,0.825,1.0
2025-12-11T00:38:27.931630,0.175,0.825,1.0
2025-12-11T00:38:28.535047,0.175,0.825,1.0
2025-12-11T00:38:29.133443,0.17,0.83,1.0
2025-12-11T00:38:29.743935,0.17,0.83,1.0
2025-12-11T00:38:30.362873,0.17,0.83,1.0
2025-12-11T00:38:30.963710,0.17,0.83,1.0
2025-12-11T00:38:31.573520,0.165,0.835,1.0
2025-12-11T00:38:32.213922,0.17,0.83,1.0
2025-12-11T00:38:32.843530,0.165,0.835,1.0
2025-12-11T00:38:33.456471,0.16,0.84,1.0
2025-12-11T00:38:34.065641,0.165,0.835,1.0
2025-12-11T00:38:33.209476,0.165,0.835,1.0
2025-12-11T00:38:33.810628,0.16,0.84,1.0
2025-12-11T00:38:34.429477,0.155,0.845,1.0
2025-12-11T00:38:35.040893,0.155,0.845,1.0
2025-12-11T00:38:35.647669,0.155,0.85,1.005
2025-12-11T00:38:36.256631,0.15,0.85,1.0
2025-12-11T00:38:36.865403,0.15,0.85,1.0
2025-12-11T00:38:37.478358,0.15,0.85,1.0
2025-12-11T00:38:38.072698,0.155,0.845,1.0
2025-12-11T00:38:38.689594,0.16,0.84,1.0
2025-12-11T00:38:39.305165,0.16,0.84,1.0
2025-12-11T00:38:39.908954,0.165,0.835,1.0
2025-12-11T00:38:40.519191,0.165,0.84,1.005
2025-12-11T00:38:41.121874,0.16,0.84,1.0
2025-12-11T00:38:41.748361,0.175,0.825,1.0
2025-12-11T00:38:42.352389,0.165,0.835,1.0
2025-12-11T00:38:42.958103,0.175,0.825,1.0
2025-12-11T00:38:43.564772,0.175,0.825,1.0
2025-12-11T00:38:44.177385,0.175,0.825,1.0
2025-12-11T00:38:44.816957,0.175,0.825,1.0
2025-12-11T00:38:45.432498,0.17,0.83,1.0
2025-12-11T00:38:46.041680,0.185,0.815,1.0
2025-12-11T00:38:46.651133,0.185,0.815,1.0
2025-12-11T00:38:47.260313,0.17,0.835,1.005
2025-12-11T00:38:47.869308,0.155,0.845,1.0
2025-12-11T00:38:48.476879,0.155,0.845,1.0
2025-12-11T00:38:49.079940,0.155,0.845,1.0
2025-12-11T00:38:49.683029,0.145,0.855,1.0
2025-12-11T00:38:50.288152,0.145,0.855,1.0
2025-12-11T00:38:50.922304,0.145,0.855,1.0
2025-12-11T00:38:51.537885,0.145,0.855,1.0
2025-12-11T00:38:52.152921,0.145,0.855,1.0
2025-12-11T00:38:52.764764,0.15,0.85,1.0
2025-12-11T00:38:53.375508,0.145,0.855,1.0
2025-12-11T00:38:53.977750,0.145,0.855,1.0
2025-12-11T00:38:54.584559,0.145,0.855,1.0
2025-12-11T00:38:55.195170,0.145,0.855,1.0
2025-12-11T00:38:55.812035,0.145,0.855,1.0
2025-12-11T00:38:56.417216,0.15,0.845,0.995
2025-12-11T00:38:57.018331,0.145,0.855,1.0
2025-12-11T00:38:57.623738,0.145,0.855,1.0
2025-12-11T00:38:58.227588,0.145,0.855,1.0
2025-12-11T00:38:58.827318,0.14,0.86,1.0
2025-12-11T00:38:59.433878,0.14,0.86,1.0
2025-12-11T00:39:00.038062,0.14,0.86,1.0
2025-12-11T00:39:00.637583,0.14,0.86,1.0
2025-12-11T00:39:01.246797,0.14,0.86,1.0
2025-12-11T00:39:01.877882,0.14,0.86,1.0
2025-12-11T00:39:02.484191,0.145,0.86,1.005
2025-12-11T00:39:03.119311,0.14,0.86,1.0
2025-12-11T00:39:03.716639,0.125,0.875,1.0
2025-12-11T00:39:04.323503,0.125,0.875,1.0
2025-12-11T00:39:04.940913,0.14,0.86,1.0
2025-12-11T00:39:04.073619,0.145,0.855,1.0
2025-12-11T00:39:04.682701,0.145,0.855,1.0
2025-12-11T00:39:05.283655,0.145,0.855,1.0
2025-12-11T00:39:05.889547,0.14,0.86,1.0
2025-12-11T00:39:06.497821,0.14,0.86,1.0
2025-12-11T00:39:07.101654,0.14,0.86,1.0
2025-12-11T00:39:07.716211,0.145,0.855,1.0
2025-12-11T00:39:08.323448,0.155,0.845,1.0
2025-12-11T00:39:08.934077,0.155,0.845,1.0
2025-12-11T00:39:09.552955,0.15,0.85,1.0
2025-12-11T00:39:10.154405,0.155,0.845,1.0
2025-12-11T00:39:10.767782,0.155,0.845,1.0
2025-12-11T00:39:11.380471,0.155,0.845,1.0
2025-12-11T00:39:12.000503,0.155,0.845,1.0
2025-12-11T00:39:12.629165,0.155,0.845,1.0
2025-12-11T00:39:13.236594,0.155,0.845,1.0
2025-12-11T00:39:13.842616,0.13,0.87,1.0
2025-12-11T00:39:14.456235,0.13,0.87,1.0
2025-12-11T00:39:15.065262,0.13,0.87,1.0
2025-12-11T00:39:15.681822,0.13,0.87,1.0
2025-12-11T00:39:16.298615,0.13,0.87,1.0
2025-12-11T00:39:16.920111,0.13,0.87,1.0
2025-12-11T00:39:17.535859,0.125,0.875,1.0
2025-12-11T00:39:18.154812,0.125,0.875,1.0
2025-12-11T00:39:18.757115,0.125,0.875,1.0
2025-12-11T00:39:19.368901,0.125,0.875,1.0
2025-12-11T00:39:19.984944,0.125,0.875,1.0
2025-12-11T00:39:20.615452,0.125,0.875,1.0
2025-12-11T00:39:21.224231,0.125,0.875,1.0
2025-12-11T00:39:21.828134,0.115,0.885,1.0
2025-12-11T00:39:22.448492,0.115,0.885,1.0
2025-12-11T00:39:23.055000,0.115,0.885,1.0
2025-12-11T00:39:23.661249,0.115,0.885,1.0
2025-12-11T00:39:24.300462,0.115,0.885,1.0
2025-12-11T00:39:24.906586,0.115,0.885,1.0
2025-12-11T00:39:25.517637,0.115,0.885,1.0
2025-12-11T00:39:26.118666,0.115,0.885,1.0
2025-12-11T00:39:26.725318,0.115,0.885,1.0
2025-12-11T00:39:27.346920,0.115,0.885,1.0
2025-12-11T00:39:27.960322,0.105,0.895,1.0
2025-12-11T00:39:28.564334,0.115,0.885,1.0
2025-12-11T00:39:29.198185,0.115,0.885,1.0
2025-12-11T00:39:29.811619,0.115,0.885,1.0
2025-12-11T00:39:30.430616,0.105,0.895,1.0
2025-12-11T00:39:31.042017,0.105,0.895,1.0
2025-12-11T00:39:31.644444,0.105,0.895,1.0
2025-12-11T00:39:32.248428,0.105,0.895,1.0
2025-12-11T00:39:32.852840,0.105,0.895,1.0
2025-12-11T00:39:33.477408,0.105,0.895,1.0
2025-12-11T00:39:34.089535,0.105,0.895,1.0
2025-12-11T00:39:34.700291,0.105,0.895,1.0
2025-12-11T00:39:35.308959,0.105,0.895,1.0
2025-12-11T00:39:35.966634,0.105,0.895,1.0
2025-12-11T00:39:35.150845,0.105,0.895,1.0
2025-12-11T00:39:35.760031,0.105,0.895,1.0
2025-12-11T00:39:36.388837,0.105,0.895,1.0
2025-12-11T00:39:36.990647,0.095,0.905,1.0
2025-12-11T00:39:37.597936,0.095,0.905,1.0
2025-12-11T00:39:38.206052,0.105,0.895,1.0
2025-12-11T00:39:38.818157,0.105,0.895,1.0
2025-12-11T00:39:39.429425,0.105,0.895,1.0
2025-12-11T00:39:40.032876,0.105,0.895,1.0
2025-12-11T00:39:40.659069,0.105,0.895,1.0
2025-12-11T00:39:41.257543,0.105,0.895,1.0
2025-12-11T00:39:41.871303,0.115,0.885,1.0
2025-12-11T00:39:42.494001,0.125,0.875,1.0
2025-12-11T00:39:43.106730,0.125,0.87,0.995
2025-12-11T00:39:43.711833,0.135,0.865,1.0
2025-12-11T00:39:44.318958,0.125,0.875,1.0
2025-12-11T00:39:44.926166,0.13,0.87,1.0
2025-12-11T00:39:45.552757,0.12,0.88,1.0
2025-12-11T00:39:46.167807,0.12,0.88,1.0
2025-12-11T00:39:46.778148,0.125,0.875,1.0
2025-12-11T00:39:47.404385,0.135,0.865,1.0
2025-12-11T00:39:48.022566,0.135,0.865,1.0
2025-12-11T00:39:48.628602,0.135,0.865,1.0
2025-12-11T00:39:49.237585,0.135,0.865,1.0
2025-12-11T00:39:49.846240,0.135,0.865,1.0
2025-12-11T00:39:50.464393,0.135,0.865,1.0
2025-12-11T00:39:51.067395,0.135,0.865,1.0
2025-12-11T00:39:51.675239,0.135,0.865,1.0
2025-12-11T00:39:52.304078,0.13,0.87,1.0
2025-12-11T00:39:52.908818,0.13,0.87,1.0
2025-12-11T00:39:53.515540,0.13,0.87,1.0
2025-12-11T00:39:54.135633,0.13,0.87,1.0
2025-12-11T00:39:54.748355,0.135,0.865,1.0
2025-12-11T00:39:55.363680,0.135,0.865,1.0
2025-12-11T00:39:55.983079,0.125,0.875,1.0
2025-12-11T00:39:56.599113,0.135,0.865,1.0
2025-12-11T00:39:57.215402,0.135,0.865,1.0
2025-12-11T00:39:57.827773,0.135,0.865,1.0
2025-12-11T00:39:58.445828,0.145,0.855,1.0
2025-12-11T00:39:59.053512,0.145,0.855,1.0
2025-12-11T00:39:59.657703,0.145,0.855,1.0
2025-12-11T00:40:00.276220,0.135,0.865,1.0
2025-12-11T00:40:00.909194,0.135,0.87,1.005
2025-12-11T00:40:01.525962,0.135,0.865,1.0
2025-12-11T00:40:02.141461,0.13,0.87,1.0
2025-12-11T00:40:02.766832,0.13,0.87,1.0
2025-12-11T00:40:03.376915,0.115,0.885,1.0
2025-12-11T00:40:04.005537,0.115,0.885,1.0
2025-12-11T00:40:04.608550,0.115,0.885,1.0
2025-12-11T00:40:05.227422,0.115,0.89,1.0050000000000001
2025-12-11T00:40:05.835515,0.105,0.895,1.0
2025-12-11T00:40:06.443161,0.105,0.895,1.0
2025-12-11T00:40:05.613766,0.105,0.895,1.0
2025-12-11T00:40:06.218298,0.105,0.895,1.0
2025-12-11T00:40:06.831285,0.105,0.895,1.0
2025-12-11T00:40:07.438580,0.105,0.895,1.0
2025-12-11T00:40:08.055914,0.105,0.895,1.0
2025-12-11T00:40:08.679466,0.1,0.9,1.0
2025-12-11T00:40:09.289228,0.1,0.9,1.0
2025-12-11T00:40:09.903445,0.095,0.905,1.0
2025-12-11T00:40:10.504048,0.1,0.9,1.0
2025-12-11T00:40:11.132664,0.105,0.895,1.0
2025-12-11T00:40:11.749157,0.105,0.895,1.0
2025-12-11T00:40:12.370433,0.105,0.895,1.0
2025-12-11T00:40:12.971635,0.095,0.905,1.0
2025-12-11T00:40:13.573331,0.095,0.905,1.0
2025-12-11T00:40:14.177205,0.095,0.905,1.0
2025-12-11T00:40:14.786648,0.095,0.905,1.0
2025-12-11T00:40:15.400876,0.1,0.9,1.0
2025-12-11T00:40:16.020247,0.105,0.895,1.0
2025-12-11T00:40:16.640844,0.105,0.895,1.0
2025-12-11T00:40:17.247314,0.085,0.915,1.0
2025-12-11T00:40:17.886507,0.085,0.915,1.0
2025-12-11T00:40:18.506683,0.085,0.915,1.0
2025-12-11T00:40:19.120476,0.085,0.915,1.0
2025-12-11T00:40:19.734295,0.085,0.915,1.0
2025-12-11T00:40:20.360322,0.09,0.91,1.0
2025-12-11T00:40:20.979835,0.095,0.905,1.0
2025-12-11T00:40:21.609249,0.09,0.91,1.0
2025-12-11T00:40:22.221824,0.09,0.91,1.0
2025-12-11T00:40:22.824245,0.095,0.905,1.0
2025-12-11T00:40:23.448247,0.095,0.905,1.0
2025-12-11T00:40:24.075798,0.095,0.905,1.0
2025-12-11T00:40:24.701484,0.095,0.905,1.0
2025-12-11T00:40:25.311636,0.095,0.905,1.0
2025-12-11T00:40:25.925660,0.095,0.905,1.0
2025-12-11T00:40:26.539299,0.095,0.905,1.0
2025-12-11T00:40:27.155715,0.095,0.905,1.0
2025-12-11T00:40:27.765968,0.095,0.905,1.0
2025-12-11T00:40:28.380838,0.095,0.905,1.0
2025-12-11T00:40:29.006514,0.095,0.905,1.0
2025-12-11T00:40:29.608051,0.095,0.905,1.0
2025-12-11T00:40:30.215158,0.095,0.905,1.0
2025-12-11T00:40:30.828524,0.095,0.905,1.0
2025-12-11T00:40:31.445671,0.095,0.905,1.0
2025-12-11T00:40:32.046217,0.095,0.905,1.0
2025-12-11T00:40:32.666615,0.095,0.905,1.0
2025-12-11T00:40:33.272532,0.095,0.905,1.0
2025-12-11T00:40:33.877678,0.115,0.88,0.995
2025-12-11T00:40:34.494725,0.125,0.875,1.0
2025-12-11T00:40:35.103317,0.145,0.855,1.0
2025-12-11T00:40:35.713472,0.145,0.855,1.0
2025-12-11T00:40:36.319173,0.145,0.855,1.0
2025-12-11T00:40:36.937020,0.145,0.855,1.0
2025-12-11T00:40:37.554131,0.14,0.86,1.0
2025-12-11T00:40:36.685319,0.14,0.86,1.0
2025-12-11T00:40:37.290728,0.135,0.865,1.0
2025-12-11T00:40:37.892764,0.145,0.855,1.0
2025-12-11T00:40:38.504220,0.16,0.84,1.0
2025-12-11T00:40:39.121486,0.155,0.845,1.0
2025-12-11T00:40:39.735694,0.145,0.855,1.0
2025-12-11T00:40:40.348750,0.155,0.845,1.0
2025-12-11T00:40:40.958584,0.155,0.845,1.0
2025-12-11T00:40:41.570351,0.16,0.835,0.995
2025-12-11T00:40:42.184253,0.155,0.85,1.005
2025-12-11T00:40:42.789350,0.155,0.84,0.995
2025-12-11T00:40:43.399343,0.175,0.825,1.0
2025-12-11T00:40:44.011447,0.17,0.83,1.0
2025-12-11T00:40:44.683005,0.17,0.83,1.0
2025-12-11T00:40:45.296293,0.165,0.835,1.0
2025-12-11T00:40:45.896417,0.17,0.83,1.0
2025-12-11T00:40:46.508440,0.17,0.83,1.0
2025-12-11T00:40:47.128351,0.165,0.835,1.0
2025-12-11T00:40:47.731314,0.165,0.835,1.0
2025-12-11T00:40:48.339719,0.175,0.825,1.0
2025-12-11T00:40:48.970435,0.165,0.835,1.0
2025-12-11T00:40:49.584266,0.165,0.835,1.0
2025-12-11T00:40:50.181927,0.165,0.835,1.0
2025-12-11T00:40:50.785475,0.165,0.835,1.0
2025-12-11T00:40:51.405727,0.165,0.835,1.0
2025-12-11T00:40:52.012814,0.165,0.835,1.0
2025-12-11T00:40:52.625921,0.165,0.835,1.0
2025-12-11T00:40:53.241115,0.17,0.83,1.0
2025-12-11T00:40:53.866333,0.165,0.835,1.0
2025-12-11T00:40:54.477084,0.195,0.805,1.0
2025-12-11T00:40:55.100250,0.205,0.795,1.0
2025-12-11T00:40:55.714212,0.205,0.795,1.0
2025-12-11T00:40:56.322728,0.2,0.8,1.0
2025-12-11T00:40:56.925885,0.2,0.8,1.0
2025-12-11T00:40:57.541571,0.2,0.8,1.0
2025-12-11T00:40:58.152367,0.195,0.805,1.0
2025-12-11T00:40:58.766220,0.195,0.805,1.0
2025-12-11T00:40:59.385764,0.205,0.795,1.0
2025-12-11T00:40:59.996988,0.205,0.795,1.0
2025-12-11T00:41:00.604603,0.205,0.795,1.0
2025-12-11T00:41:01.210466,0.205,0.795,1.0
2025-12-11T00:41:01.817508,0.205,0.795,1.0
2025-12-11T00:41:02.427340,0.185,0.815,1.0
2025-12-11T00:41:03.036994,0.175,0.825,1.0
2025-12-11T00:41:03.636465,0.175,0.825,1.0
2025-12-11T00:41:04.233933,0.175,0.825,1.0
2025-12-11T00:41:04.842604,0.175,0.825,1.0
2025-12-11T00:41:05.470562,0.175,0.825,1.0
2025-12-11T00:41:06.082262,0.17,0.83,1.0
2025-12-11T00:41:06.696261,0.165,0.835,1.0
2025-12-11T00:41:07.308957,0.16,0.84,1.0
2025-12-11T00:41:07.915836,0.155,0.845,1.0
2025-12-11T00:41:08.533074,0.16,0.835,0.995
2025-12-11T00:41:07.650389,0.165,0.835,1.0
2025-12-11T00:41:08.251112,0.165,0.835,1.0
2025-12-11T00:41:08.861532,0.165,0.835,1.0
2025-12-11T00:41:09.470333,0.165,0.835,1.0
2025-12-11T00:41:10.073139,0.165,0.835,1.0
2025-12-11T00:41:10.680196,0.165,0.835,1.0
2025-12-11T00:41:11.293146,0.155,0.845,1.0
2025-12-11T00:41:11.897610,0.155,0.84,0.995
2025-12-11T00:41:12.508956,0.165,0.835,1.0
2025-12-11T00:41:13.115068,0.165,0.84,1.005
2025-12-11T00:41:13.720774,0.16,0.84,1.0
2025-12-11T00:41:14.334007,0.16,0.84,1.0
2025-12-11T00:41:14.945709,0.155,0.845,1.0
2025-12-11T00:41:15.560994,0.16,0.84,1.0
2025-12-11T00:41:16.180457,0.16,0.845,1.005
2025-12-11T00:41:16.789764,0.155,0.845,1.0
2025-12-11T00:41:17.404183,0.155,0.845,1.0
2025-12-11T00:41:18.014290,0.155,0.845,1.0
2025-12-11T00:41:18.622080,0.155,0.845,1.0
2025-12-11T00:41:19.225309,0.155,0.845,1.0
2025-12-11T00:41:19.836430,0.155,0.845,1.0
2025-12-11T00:41:20.448569,0.155,0.845,1.0
2025-12-11T00:41:21.056926,0.155,0.845,1.0
2025-12-11T00:41:21.666023,0.145,0.855,1.0
2025-12-11T00:41:22.269896,0.155,0.845,1.0
2025-12-11T00:41:22.879215,0.155,0.845,1.0
2025-12-11T00:41:23.479819,0.155,0.845,1.0
2025-12-11T00:41:24.089463,0.15,0.85,1.0
2025-12-11T00:41:24.700341,0.15,0.85,1.0
2025-12-11T00:41:25.316547,0.15,0.85,1.0
2025-12-11T00:41:25.927861,0.145,0.855,1.0
2025-12-11T00:41:26.544461,0.15,0.845,0.995
2025-12-11T00:41:27.159204,0.155,0.845,1.0
2025-12-11T00:41:27.766367,0.145,0.855,1.0
2025-12-11T00:41:28.373874,0.145,0.855,1.0
2025-12-11T00:41:28.988452,0.145,0.855,1.0
2025-12-11T00:41:29.599686,0.145,0.855,1.0
2025-12-11T00:41:30.211394,0.145,0.855,1.0
2025-12-11T00:41:30.815744,0.145,0.855,1.0
2025-12-11T00:41:31.431132,0.145,0.845,0.99
2025-12-11T00:41:32.037909,0.155,0.845,1.0
2025-12-11T00:41:32.647138,0.155,0.845,1.0
2025-12-11T00:41:33.256189,0.155,0.845,1.0
2025-12-11T00:41:33.859463,0.155,0.845,1.0
2025-12-11T00:41:34.465484,0.155,0.845,1.0
2025-12-11T00:41:35.075474,0.15,0.85,1.0
2025-12-11T00:41:35.685230,0.145,0.855,1.0
2025-12-11T00:41:36.288068,0.145,0.855,1.0
2025-12-11T00:41:36.895918,0.145,0.855,1.0
2025-12-11T00:41:37.499669,0.15,0.85,1.0
2025-12-11T00:41:38.106588,0.145,0.855,1.0
2025-12-11T00:41:38.717487,0.145,0.855,1.0
2025-12-11T00:41:37.887436,0.145,0.855,1.0
2025-12-11T00:41:38.493018,0.145,0.855,1.0
2025-12-11T00:41:39.100490,0.145,0.855,1.0
2025-12-11T00:41:39.741962,0.145,0.855,1.0
2025-12-11T00:41:40.347479,0.135,0.865,1.0
2025-12-11T00:41:40.968742,0.125,0.875,1.0
2025-12-11T00:41:41.586852,0.125,0.875,1.0
2025-12-11T00:41:42.206269,0.125,0.875,1.0
2025-12-11T00:41:42.822562,0.125,0.875,1.0
2025-12-11T00:41:43.431548,0.125,0.87,0.995
2025-12-11T00:41:44.045470,0.135,0.865,1.0
2025-12-11T00:41:44.657506,0.135,0.865,1.0
2025-12-11T00:41:45.260805,0.135,0.865,1.0
2025-12-11T00:41:45.873692,0.135,0.865,1.0
2025-12-11T00:41:46.472781,0.135,0.865,1.0
2025-12-11T00:41:47.087168,0.135,0.865,1.0
2025-12-11T00:41:47.706585,0.135,0.865,1.0
2025-12-11T00:41:48.330194,0.14,0.865,1.005
2025-12-11T00:41:48.950455,0.135,0.865,1.0
2025-12-11T00:41:49.560090,0.125,0.875,1.0
2025-12-11T00:41:50.171811,0.145,0.85,0.995
2025-12-11T00:41:50.788955,0.175,0.825,1.0
2025-12-11T00:41:51.398838,0.175,0.825,1.0
2025-12-11T00:41:52.018549,0.175,0.825,1.0
2025-12-11T00:41:52.645829,0.17,0.83,1.0
2025-12-11T00:41:53.343888,0.17,0.83,1.0
2025-12-11T00:41:53.956744,0.175,0.825,1.0
2025-12-11T00:41:54.570816,0.175,0.825,1.0
2025-12-11T00:41:55.173098,0.18,0.815,0.9949999999999999
2025-12-11T00:41:55.789740,0.19,0.81,1.0
2025-12-11T00:41:56.409324,0.195,0.805,1.0
2025-12-11T00:41:57.017111,0.2,0.8,1.0
2025-12-11T00:41:57.623686,0.185,0.815,1.0
2025-12-11T00:41:58.229702,0.195,0.805,1.0
2025-12-11T00:41:58.912124,0.22,0.775,0.995
2025-12-11T00:41:59.523230,0.225,0.775,1.0
2025-12-11T00:42:00.127571,0.235,0.765,1.0
2025-12-11T00:42:00.729556,0.235,0.765,1.0
2025-12-11T00:42:01.340452,0.225,0.775,1.0
2025-12-11T00:42:01.951502,0.215,0.785,1.0
2025-12-11T00:42:02.572613,0.215,0.785,1.0
2025-12-11T00:42:03.178607,0.225,0.775,1.0
2025-12-11T00:42:03.799447,0.22,0.78,1.0
2025-12-11T00:42:04.414323,0.215,0.785,1.0
2025-12-11T00:42:05.047052,0.215,0.785,1.0
2025-12-11T00:42:05.643027,0.215,0.785,1.0
2025-12-11T00:42:06.258856,0.205,0.795,1.0
2025-12-11T00:42:06.880048,0.205,0.795,1.0
2025-12-11T00:42:07.492622,0.205,0.795,1.0
2025-12-11T00:42:08.110946,0.205,0.795,1.0
2025-12-11T00:42:08.724364,0.195,0.805,1.0
2025-12-11T00:42:09.344456,0.195,0.805,1.0
2025-12-11T00:42:09.970606,0.195,0.805,1.0
2025-12-11T00:42:09.145980,0.195,0.805,1.0
2025-12-11T00:42:09.762782,0.195,0.805,1.0
2025-12-11T00:42:10.363734,0.195,0.805,1.0
2025-12-11T00:42:10.990099,0.195,0.805,1.0
2025-12-11T00:42:11.595035,0.195,0.805,1.0
2025-12-11T00:42:12.196529,0.19,0.81,1.0
2025-12-11T00:42:12.797105,0.185,0.815,1.0
2025-12-11T00:42:13.417101,0.185,0.815,1.0
2025-12-11T00:42:14.045613,0.185,0.815,1.0
2025-12-11T00:42:14.664728,0.175,0.825,1.0
2025-12-11T00:42:15.285628,0.175,0.825,1.0
2025-12-11T00:42:15.899665,0.175,0.825,1.0
2025-12-11T00:42:16.507636,0.175,0.825,1.0
2025-12-11T00:42:17.142988,0.175,0.825,1.0
2025-12-11T00:42:17.763520,0.17,0.83,1.0
2025-12-11T00:42:18.388587,0.17,0.83,1.0
2025-12-11T00:42:19.007415,0.17,0.83,1.0
2025-12-11T00:42:19.625409,0.17,0.83,1.0
2025-12-11T00:42:20.245280,0.17,0.83,1.0
2025-12-11T00:42:20.862771,0.165,0.835,1.0
2025-12-11T00:42:21.470961,0.165,0.835,1.0
2025-12-11T00:42:22.080299,0.165,0.835,1.0
2025-12-11T00:42:22.682820,0.165,0.835,1.0
2025-12-11T00:42:23.300530,0.165,0.835,1.0
2025-12-11T00:42:23.914146,0.165,0.835,1.0
2025-12-11T00:42:24.511884,0.165,0.835,1.0
2025-12-11T00:42:25.124748,0.165,0.835,1.0
2025-12-11T00:42:25.733949,0.165,0.835,1.0
2025-12-11T00:42:26.345410,0.165,0.835,1.0
2025-12-11T00:42:26.954005,0.165,0.835,1.0
2025-12-11T00:42:27.560809,0.165,0.835,1.0
2025-12-11T00:42:28.171910,0.165,0.835,1.0
2025-12-11T00:42:28.770603,0.165,0.835,1.0
2025-12-11T00:42:29.442877,0.165,0.835,1.0
2025-12-11T00:42:30.048286,0.165,0.835,1.0
2025-12-11T00:42:30.660056,0.165,0.835,1.0
2025-12-11T00:42:31.265162,0.165,0.835,1.0
2025-12-11T00:42:31.885400,0.165,0.835,1.0
2025-12-11T00:42:32.523364,0.165,0.835,1.0
2025-12-11T00:42:33.145426,0.165,0.835,1.0
2025-12-11T00:42:33.762782,0.165,0.835,1.0
2025-12-11T00:42:34.373038,0.155,0.845,1.0
2025-12-11T00:42:34.988805,0.145,0.855,1.0
2025-12-11T00:42:35.591744,0.135,0.865,1.0
2025-12-11T00:42:36.196652,0.11,0.895,1.0050000000000001
2025-12-11T00:42:36.800882,0.095,0.905,1.0
2025-12-11T00:42:37.412815,0.09,0.91,1.0
2025-12-11T00:42:38.029160,0.095,0.905,1.0
2025-12-11T00:42:38.645049,0.09,0.91,1.0
2025-12-11T00:42:39.263525,0.085,0.915,1.0
2025-12-11T00:42:39.866189,0.085,0.915,1.0
2025-12-11T00:42:40.471817,0.085,0.915,1.0
2025-12-11T00:42:39.599659,0.085,0.915,1.0
2025-12-11T00:42:40.214183,0.09,0.91,1.0
2025-12-11T00:42:40.816601,0.085,0.915,1.0
2025-12-11T00:42:41.434117,0.085,0.915,1.0
2025-12-11T00:42:42.046889,0.085,0.915,1.0
2025-12-11T00:42:42.660999,0.085,0.915,1.0
2025-12-11T00:42:43.271853,0.085,0.915,1.0
2025-12-11T00:42:43.875629,0.085,0.915,1.0
2025-12-11T00:42:44.488213,0.085,0.915,1.0
2025-12-11T00:42:45.094743,0.085,0.915,1.0
2025-12-11T00:42:45.702811,0.085,0.915,1.0
2025-12-11T00:42:46.319307,0.085,0.915,1.0
2025-12-11T00:42:46.942199,0.085,0.915,1.0
2025-12-11T00:42:47.558012,0.085,0.915,1.0
2025-12-11T00:42:48.167850,0.085,0.915,1.0
2025-12-11T00:42:48.780311,0.085,0.915,1.0
2025-12-11T00:42:49.390430,0.07,0.93,1.0
2025-12-11T00:42:49.994915,0.07,0.93,1.0
2025-12-11T00:42:50.604595,0.065,0.935,1.0
2025-12-11T00:42:51.222946,0.07,0.93,1.0
2025-12-11T00:42:51.835120,0.065,0.935,1.0
2025-12-11T00:42:52.447684,0.065,0.935,1.0
2025-12-11T00:42:53.058217,0.065,0.935,1.0
2025-12-11T00:42:53.671696,0.065,0.935,1.0
2025-12-11T00:42:54.278788,0.065,0.935,1.0
2025-12-11T00:42:54.896846,0.065,0.935,1.0
2025-12-11T00:42:55.510266,0.065,0.935,1.0
2025-12-11T00:42:56.138457,0.055,0.945,1.0
2025-12-11T00:42:56.783353,0.055,0.945,1.0
2025-12-11T00:42:57.406148,0.055,0.945,1.0
2025-12-11T00:42:58.018522,0.06,0.94,1.0
2025-12-11T00:42:58.633072,0.065,0.935,1.0
2025-12-11T00:42:59.259873,0.065,0.935,1.0
2025-12-11T00:42:59.869646,0.065,0.935,1.0
2025-12-11T00:43:00.487251,0.065,0.935,1.0
2025-12-11T00:43:01.106318,0.06,0.94,1.0
2025-12-11T00:43:01.711903,0.055,0.945,1.0
2025-12-11T00:43:02.338845,0.055,0.945,1.0
2025-12-11T00:43:02.959395,0.065,0.935,1.0
2025-12-11T00:43:03.579400,0.065,0.935,1.0
2025-12-11T00:43:04.194836,0.06,0.94,1.0
2025-12-11T00:43:04.803038,0.05,0.95,1.0
2025-12-11T00:43:05.416369,0.045,0.955,1.0
2025-12-11T00:43:06.023266,0.055,0.945,1.0
2025-12-11T00:43:06.625682,0.055,0.945,1.0
2025-12-11T00:43:07.243478,0.05,0.95,1.0
2025-12-11T00:43:07.863187,0.045,0.945,0.99
2025-12-11T00:43:08.486528,0.055,0.945,1.0
2025-12-11T00:43:09.098068,0.055,0.945,1.0
2025-12-11T00:43:09.703004,0.055,0.945,1.0
2025-12-11T00:43:10.318213,0.055,0.945,1.0
2025-12-11T00:43:10.931400,0.055,0.945,1.0
2025-12-11T00:43:11.541318,0.055,0.945,1.0
2025-12-11T00:43:10.624499,0.055,0.945,1.0
2025-12-11T00:43:11.240755,0.055,0.945,1.0
2025-12-11T00:43:11.861796,0.05,0.95,1.0
2025-12-11T00:43:12.467506,0.05,0.95,1.0
2025-12-11T00:43:13.073623,0.055,0.945,1.0
2025-12-11T00:43:13.689943,0.055,0.945,1.0
2025-12-11T00:43:14.292537,0.05,0.95,1.0
2025-12-11T00:43:14.901348,0.04,0.96,1.0
2025-12-11T00:43:15.513763,0.035,0.965,1.0
2025-12-11T00:43:16.169286,0.035,0.965,1.0
2025-12-11T00:43:16.783704,0.035,0.965,1.0
2025-12-11T00:43:17.389073,0.035,0.965,1.0
2025-12-11T00:43:18.010148,0.035,0.965,1.0
2025-12-11T00:43:18.628600,0.035,0.965,1.0
2025-12-11T00:43:19.240489,0.035,0.965,1.0
2025-12-11T00:43:19.838386,0.035,0.965,1.0
2025-12-11T00:43:20.455909,0.035,0.965,1.0
2025-12-11T00:43:21.070658,0.035,0.965,1.0
2025-12-11T00:43:21.690062,0.035,0.965,1.0
2025-12-11T00:43:22.303003,0.035,0.965,1.0
2025-12-11T00:43:22.921636,0.03,0.97,1.0
2025-12-11T00:43:23.534405,0.03,0.97,1.0
2025-12-11T00:43:24.150258,0.03,0.97,1.0
2025-12-11T00:43:24.761711,0.035,0.965,1.0
2025-12-11T00:43:25.367327,0.025,0.975,1.0
2025-12-11T00:43:25.979619,0.025,0.975,1.0
2025-12-11T00:43:26.588237,0.025,0.975,1.0
2025-12-11T00:43:27.225081,0.025,0.975,1.0
2025-12-11T00:43:27.840493,0.025,0.975,1.0
2025-12-11T00:43:28.466984,0.025,0.975,1.0
2025-12-11T00:43:29.082105,0.025,0.975,1.0
2025-12-11T00:43:29.699624,0.025,0.975,1.0
2025-12-11T00:43:30.305069,0.025,0.975,1.0
2025-12-11T00:43:30.919714,0.025,0.975,1.0
2025-12-11T00:43:31.542715,0.025,0.975,1.0
2025-12-11T00:43:32.162226,0.025,0.975,1.0
2025-12-11T00:43:32.804739,0.025,0.975,1.0
2025-12-11T00:43:33.438685,0.025,0.975,1.0
2025-12-11T00:43:34.044792,0.065,0.935,1.0
2025-12-11T00:43:34.660224,0.05,0.95,1.0
2025-12-11T00:43:35.284401,0.05,0.95,1.0
2025-12-11T00:43:35.897338,0.05,0.95,1.0
2025-12-11T00:43:36.509115,0.05,0.95,1.0
2025-12-11T00:43:37.122113,0.045,0.955,1.0
2025-12-11T00:43:37.743570,0.05,0.95,1.0
2025-12-11T00:43:38.361094,0.045,0.955,1.0
2025-12-11T00:43:38.959322,0.045,0.955,1.0
2025-12-11T00:43:39.579283,0.045,0.955,1.0
2025-12-11T00:43:40.253914,0.045,0.955,1.0
2025-12-11T00:43:40.876401,0.045,0.955,1.0
2025-12-11T00:43:41.539716,0.04,0.96,1.0
2025-12-11T00:43:42.146722,0.07,0.93,1.0
2025-12-11T00:43:41.319963,0.075,0.925,1.0
2025-12-11T00:43:41.933093,0.065,0.935,1.0
2025-12-11T00:43:42.539142,0.06,0.94,1.0
2025-12-11T00:43:43.150036,0.065,0.935,1.0
2025-12-11T00:43:43.769919,0.055,0.945,1.0
2025-12-11T00:43:44.391962,0.05,0.95,1.0
2025-12-11T00:43:45.001570,0.05,0.95,1.0
2025-12-11T00:43:45.610695,0.05,0.95,1.0
2025-12-11T00:43:46.244893,0.05,0.95,1.0
2025-12-11T00:43:46.844390,0.05,0.95,1.0
2025-12-11T00:43:47.464386,0.045,0.955,1.0
2025-12-11T00:43:48.103270,0.05,0.955,1.005
2025-12-11T00:43:48.722921,0.045,0.955,1.0
2025-12-11T00:43:49.334171,0.045,0.955,1.0
2025-12-11T00:43:49.937523,0.045,0.955,1.0
2025-12-11T00:43:50.545095,0.045,0.955,1.0
2025-12-11T00:43:51.150397,0.045,0.955,1.0
2025-12-11T00:43:51.748884,0.025,0.975,1.0
2025-12-11T00:43:52.436057,0.025,0.975,1.0
2025-12-11T00:43:53.048838,0.025,0.975,1.0
2025-12-11T00:43:53.665877,0.025,0.975,1.0
2025-12-11T00:43:54.281245,0.025,0.975,1.0
2025-12-11T00:43:54.885557,0.025,0.975,1.0
2025-12-11T00:43:55.504740,0.025,0.975,1.0
2025-12-11T00:43:56.115148,0.025,0.975,1.0
2025-12-11T00:43:56.723819,0.025,0.975,1.0
2025-12-11T00:43:57.328951,0.025,0.975,1.0
2025-12-11T00:43:57.949256,0.025,0.975,1.0
2025-12-11T00:43:58.556067,0.025,0.975,1.0
2025-12-11T00:43:59.161245,0.025,0.975,1.0
2025-12-11T00:43:59.789860,0.025,0.975,1.0
2025-12-11T00:44:00.403873,0.025,0.975,1.0
2025-12-11T00:44:01.024334,0.025,0.975,1.0
2025-12-11T00:44:01.652185,0.025,0.975,1.0
2025-12-11T00:44:02.259591,0.025,0.975,1.0
2025-12-11T00:44:02.868032,0.025,0.975,1.0
2025-12-11T00:44:03.471728,0.025,0.975,1.0
2025-12-11T00:44:04.080445,0.025,0.975,1.0
2025-12-11T00:44:04.702719,0.025,0.975,1.0
2025-12-11T00:44:05.311335,0.025,0.975,1.0
2025-12-11T00:44:05.926870,0.025,0.975,1.0
2025-12-11T00:44:06.538400,0.025,0.975,1.0
2025-12-11T00:44:07.150351,0.025,0.975,1.0
2025-12-11T00:44:07.755803,0.025,0.975,1.0
2025-12-11T00:44:08.376178,0.025,0.975,1.0
2025-12-11T00:44:08.983386,0.025,0.975,1.0
2025-12-11T00:44:09.602981,0.025,0.975,1.0
2025-12-11T00:44:10.215705,0.025,0.975,1.0
2025-12-11T00:44:10.824858,0.025,0.985,1.01
2025-12-11T00:44:11.444094,0.015,0.985,1.0
2025-12-11T00:44:12.049920,0.015,0.985,1.0
2025-12-11T00:44:12.725773,0.015,0.985,1.0
2025-12-11T00:44:11.898020,0.015,0.985,1.0
2025-12-11T00:44:12.495456,0.015,0.985,1.0
2025-12-11T00:44:13.105459,0.015,0.985,1.0
2025-12-11T00:44:13.717756,0.015,0.985,1.0
2025-12-11T00:44:14.320083,0.015,0.985,1.0
2025-12-11T00:44:14.923809,0.015,0.985,1.0
2025-12-11T00:44:15.527284,0.015,0.985,1.0
2025-12-11T00:44:16.143137,0.015,0.985,1.0
2025-12-11T00:44:16.768239,0.015,0.985,1.0
2025-12-11T00:44:17.384464,0.015,0.985,1.0
2025-12-11T00:44:18.002317,0.015,0.985,1.0
2025-12-11T00:44:18.609620,0.015,0.985,1.0
2025-12-11T00:44:19.213104,0.015,0.985,1.0
2025-12-11T00:44:19.814757,0.015,0.985,1.0
2025-12-11T00:44:20.425790,0.015,0.985,1.0
2025-12-11T00:44:21.029077,0.015,0.985,1.0
2025-12-11T00:44:21.649803,0.015,0.985,1.0
2025-12-11T00:44:22.267363,0.015,0.985,1.0
2025-12-11T00:44:22.884454,0.015,0.985,1.0
2025-12-11T00:44:23.499774,0.015,0.985,1.0
2025-12-11T00:44:24.112494,0.015,0.985,1.0
2025-12-11T00:44:24.722437,0.015,0.985,1.0
2025-12-11T00:44:25.337971,0.015,0.985,1.0
2025-12-11T00:44:25.954022,0.015,0.985,1.0
2025-12-11T00:44:26.565830,0.015,0.985,1.0
2025-12-11T00:44:27.169425,0.02,0.985,1.005
2025-12-11T00:44:27.776212,0.015,0.985,1.0
2025-12-11T00:44:28.399882,0.015,0.985,1.0
2025-12-11T00:44:29.016850,0.015,0.985,1.0
2025-12-11T00:44:29.636305,0.015,0.985,1.0
2025-12-11T00:44:30.284326,0.015,0.985,1.0
2025-12-11T00:44:30.897418,0.015,0.985,1.0
2025-12-11T00:44:31.504350,0.015,0.985,1.0
2025-12-11T00:44:32.118617,0.015,0.985,1.0
2025-12-11T00:44:32.727623,0.015,0.985,1.0
2025-12-11T00:44:33.343552,0.015,0.985,1.0
2025-12-11T00:44:33.941761,0.015,0.985,1.0
2025-12-11T00:44:35.165739,0.015,0.985,1.0
2025-12-11T00:44:35.784549,0.01,0.99,1.0
2025-12-11T00:44:36.391272,0.01,0.99,1.0
2025-12-11T00:44:37.003275,0.01,0.99,1.0
2025-12-11T00:44:37.607185,0.01,0.99,1.0
2025-12-11T00:44:38.222702,0.005,0.995,1.0
2025-12-11T00:44:38.838835,0.005,0.995,1.0
2025-12-11T00:44:39.451738,0.005,0.995,1.0
2025-12-11T00:44:40.063145,0.005,0.995,1.0
2025-12-11T00:44:40.676384,0.005,0.995,1.0
2025-12-11T00:44:41.286061,0.005,0.995,1.0
2025-12-11T00:44:41.909491,0.005,0.995,1.0
2025-12-11T00:44:42.510904,0.005,0.995,1.0
2025-12-11T00:44:43.122809,0.005,0.995,1.0
2025-12-11T00:44:43.741408,0.005,0.995,1.0
2025-12-11T00:44:42.867905,0.005,0.995,1.0
2025-12-11T00:44:43.477394,0.005,0.995,1.0
2025-12-11T00:44:44.079079,0.005,0.995,1.0
2025-12-11T00:44:44.691114,0.005,0.995,1.0
2025-12-11T00:44:45.311097,0.005,0.995,1.0
2025-12-11T00:44:45.927784,0.005,0.995,1.0
2025-12-11T00:44:46.539350,0.005,0.995,1.0
2025-12-11T00:44:47.139456,0.005,0.995,1.0
2025-12-11T00:44:47.757809,0.005,0.995,1.0
2025-12-11T00:44:48.370173,0.005,0.995,1.0
2025-12-11T00:44:48.971589,0.005,0.995,1.0
2025-12-11T00:44:49.572203,0.005,0.995,1.0
2025-12-11T00:44:50.184251,0.005,0.995,1.0
2025-12-11T00:44:50.793011,0.005,0.995,1.0
2025-12-11T00:44:51.401499,0.005,0.995,1.0
2025-12-11T00:44:52.011281,0.005,0.995,1.0
2025-12-11T00:44:52.621299,0.005,0.995,1.0
2025-12-11T00:44:53.226541,0.005,0.995,1.0
2025-12-11T00:44:53.890858,0.005,0.995,1.0
2025-12-11T00:44:54.507996,0.005,0.995,1.0
2025-12-11T00:44:55.119406,0.005,0.995,1.0
2025-12-11T00:44:55.739772,0.005,0.995,1.0
2025-12-11T00:44:56.359771,0.005,0.995,1.0
2025-12-11T00:44:56.959127,0.005,0.995,1.0
2025-12-11T00:44:57.568147,0.005,0.995,1.0
2025-12-11T00:44:58.172478,0.005,0.995,1.0
2025-12-11T00:44:58.797959,0.005,0.995,1.0
2025-12-11T00:44:59.416730,0.005,0.995,1.0
2025-12-11T00:45:00.017089,0.005,0.995,1.0
2025-12-11T00:45:00.619763,0.005,0.995,1.0
2025-12-11T00:45:01.234531,0.005,0.995,1.0
2025-12-11T00:45:01.846216,0.005,0.995,1.0
2025-12-11T00:45:02.455190,0.005,0.995,1.0
2025-12-11T00:45:03.055060,0.005,0.995,1.0
2025-12-11T00:45:03.659441,0.005,0.995,1.0
2025-12-11T00:45:04.266811,0.005,0.995,1.0
2025-12-11T00:45:04.884458,0.005,0.995,1.0
2025-12-11T00:45:05.496822,0.005,0.995,1.0
2025-12-11T00:45:06.116796,0.005,0.995,1.0
2025-12-11T00:45:06.722258,0.005,0.995,1.0
2025-12-11T00:45:07.332952,0.005,0.995,1.0
2025-12-11T00:45:07.964015,0.005,0.995,1.0
2025-12-11T00:45:08.575628,0.005,0.995,1.0
2025-12-11T00:45:09.191567,0.005,0.995,1.0
2025-12-11T00:45:09.792436,0.005,0.995,1.0
2025-12-11T00:45:10.407287,0.005,0.995,1.0
2025-12-11T00:45:11.011893,0.005,0.995,1.0
2025-12-11T00:45:11.630311,0.005,0.995,1.0
2025-12-11T00:45:12.243826,0.005,0.995,1.0
2025-12-11T00:45:12.860092,0.005,0.995,1.0
2025-12-11T00:45:13.474265,0.005,0.995,1.0
2025-12-11T00:45:14.088582,0.005,0.995,1.0
2025-12-11T00:45:14.700204,0.005,0.995,1.0
2025-12-11T00:45:13.797633,0.005,0.995,1.0
2025-12-11T00:45:14.422605,0.005,0.995,1.0
2025-12-11T00:45:15.019846,0.005,0.995,1.0
2025-12-11T00:45:15.623869,0.005,0.995,1.0
2025-12-11T00:45:16.227453,0.005,0.995,1.0
2025-12-11T00:45:16.834680,0.005,0.995,1.0
2025-12-11T00:45:17.460201,0.005,0.995,1.0
2025-12-11T00:45:18.075638,0.005,0.995,1.0
2025-12-11T00:45:18.676501,0.005,0.995,1.0
2025-12-11T00:45:19.289661,0.005,0.995,1.0
2025-12-11T00:45:19.895591,0.005,0.995,1.0
2025-12-11T00:45:20.507050,0.005,0.995,1.0
2025-12-11T00:45:21.116353,0.005,0.995,1.0
2025-12-11T00:45:21.714040,0.005,0.995,1.0
2025-12-11T00:45:22.320462,0.005,0.995,1.0
2025-12-11T00:45:22.940902,0.005,0.995,1.0
2025-12-11T00:45:23.545594,0.005,0.995,1.0
2025-12-11T00:45:24.158586,0.005,0.995,1.0
2025-12-11T00:45:24.772395,0.005,0.995,1.0
2025-12-11T00:45:25.375020,0.005,0.995,1.0
2025-12-11T00:45:25.976007,0.005,0.995,1.0
2025-12-11T00:45:26.600812,0.005,0.995,1.0
2025-12-11T00:45:27.212955,0.005,0.995,1.0
2025-12-11T00:45:27.830192,0.005,0.995,1.0
2025-12-11T00:45:28.436592,0.005,0.995,1.0
2025-12-11T00:45:29.039914,0.005,0.995,1.0
2025-12-11T00:45:29.694516,0.005,0.995,1.0
2025-12-11T00:45:30.307745,0.005,0.995,1.0
2025-12-11T00:45:30.920013,0.005,0.995,1.0
2025-12-11T00:45:31.527092,0.005,0.995,1.0
2025-12-11T00:45:32.140741,0.005,0.995,1.0
2025-12-11T00:45:32.752269,0.005,0.995,1.0
2025-12-11T00:45:33.363192,0.005,0.995,1.0
2025-12-11T00:45:33.974581,0.005,0.995,1.0
2025-12-11T00:45:34.583982,0.005,0.995,1.0
2025-12-11T00:45:35.190426,0.005,0.995,1.0
2025-12-11T00:45:35.801026,0.005,0.995,1.0
2025-12-11T00:45:36.412133,0.005,0.995,1.0
2025-12-11T00:45:37.033982,0.005,0.995,1.0
2025-12-11T00:45:37.636707,0.005,0.995,1.0
2025-12-11T00:45:38.243407,0.005,0.995,1.0
2025-12-11T00:45:38.856441,0.005,0.995,1.0
2025-12-11T00:45:39.471756,0.005,0.995,1.0
2025-12-11T00:45:40.080729,0.005,0.995,1.0
2025-12-11T00:45:40.679264,0.005,0.995,1.0
2025-12-11T00:45:41.278862,0.005,0.995,1.0
2025-12-11T00:45:41.892967,0.005,0.995,1.0
2025-12-11T00:45:42.511255,0.005,0.995,1.0
2025-12-11T00:45:43.130461,0.005,0.995,1.0
2025-12-11T00:45:43.744437,0.005,0.995,1.0
2025-12-11T00:45:44.349215,0.005,0.995,1.0
2025-12-11T00:45:44.956965,0.005,0.995,1.0
2025-12-11T00:45:44.118761,0.005,0.995,1.0
2025-12-11T00:45:44.733874,0.005,0.995,1.0
2025-12-11T00:45:45.355584,0.005,0.995,1.0
2025-12-11T00:45:45.975105,0.005,0.995,1.0
2025-12-11T00:45:46.573812,0.005,0.995,1.0
2025-12-11T00:45:47.183688,0.005,0.995,1.0
2025-12-11T00:45:47.787581,0.005,0.995,1.0
2025-12-11T00:45:48.393435,0.005,0.995,1.0
2025-12-11T00:45:48.989886,0.005,0.995,1.0
2025-12-11T00:45:49.594209,0.005,0.995,1.0
2025-12-11T00:45:50.194595,0.005,0.995,1.0
2025-12-11T00:45:50.797953,0.005,0.995,1.0
2025-12-11T00:45:51.417318,0.005,0.995,1.0
2025-12-11T00:45:52.035229,0.005,0.995,1.0
2025-12-11T00:45:52.644601,0.005,0.995,1.0
2025-12-11T00:45:53.242496,0.005,0.995,1.0
2025-12-11T00:45:53.858929,0.005,0.995,1.0
2025-12-11T00:45:54.462544,0.005,0.995,1.0
2025-12-11T00:45:55.083287,0.005,0.995,1.0
2025-12-11T00:45:55.702434,0.005,0.995,1.0
2025-12-11T00:45:56.299055,0.005,0.995,1.0
2025-12-11T00:45:56.906617,0.005,0.995,1.0
2025-12-11T00:45:57.515267,0.005,0.995,1.0
2025-12-11T00:45:58.120111,0.005,0.995,1.0
2025-12-11T00:45:58.727349,0.005,0.995,1.0
2025-12-11T00:45:59.331081,0.005,0.995,1.0
2025-12-11T00:45:59.934761,0.5,0.5,1.0
