timestamp,price_yes,price_no,sum_prices
2025-12-11T02:31:00.393775,0.68,0.325,1.0050000000000001
2025-12-11T02:31:01.001322,0.675,0.325,1.0
2025-12-11T02:31:01.603668,0.665,0.335,1.0
2025-12-11T02:31:02.206044,0.685,0.31,0.9950000000000001
2025-12-11T02:31:02.804114,0.695,0.305,1.0
2025-12-11T02:31:03.419360,0.685,0.315,1.0
2025-12-11T02:31:04.033328,0.665,0.345,1.01
2025-12-11T02:31:04.644101,0.645,0.355,1.0
2025-12-11T02:31:05.254130,0.635,0.365,1.0
2025-12-11T02:31:05.870438,0.625,0.375,1.0
2025-12-11T02:31:04.877444,0.615,0.385,1.0
2025-12-11T02:31:05.488386,0.615,0.385,1.0
2025-12-11T02:31:06.103366,0.625,0.375,1.0
2025-12-11T02:31:06.704991,0.615,0.385,1.0
2025-12-11T02:31:07.322198,0.62,0.38,1.0
2025-12-11T02:31:07.937315,0.615,0.385,1.0
2025-12-11T02:31:08.551300,0.605,0.395,1.0
2025-12-11T02:31:09.167139,0.625,0.375,1.0
2025-12-11T02:31:09.777045,0.625,0.375,1.0
2025-12-11T02:31:10.394061,0.615,0.385,1.0
2025-12-11T02:31:10.996509,0.6,0.4,1.0
2025-12-11T02:31:11.601288,0.595,0.405,1.0
2025-12-11T02:31:12.216308,0.585,0.415,1.0
2025-12-11T02:31:12.829657,0.585,0.415,1.0
2025-12-11T02:31:13.428975,0.585,0.415,1.0
2025-12-11T02:31:14.027115,0.595,0.405,1.0
2025-12-11T02:31:14.623650,0.585,0.415,1.0
2025-12-11T02:31:15.231450,0.585,0.415,1.0
2025-12-11T02:31:15.835434,0.59,0.415,1.005
2025-12-11T02:31:16.437242,0.575,0.425,1.0
2025-12-11T02:31:17.041005,0.565,0.435,1.0
2025-12-11T02:31:17.644382,0.555,0.445,1.0
2025-12-11T02:31:18.245948,0.555,0.445,1.0
2025-12-11T02:31:18.848919,0.555,0.445,1.0
2025-12-11T02:31:19.444034,0.575,0.425,1.0
2025-12-11T02:31:20.080098,0.58,0.42,1.0
2025-12-11T02:31:20.681014,0.58,0.42,1.0
2025-12-11T02:31:21.278813,0.575,0.425,1.0
2025-12-11T02:31:21.896134,0.57,0.43,1.0
2025-12-11T02:31:22.497964,0.57,0.43,1.0
2025-12-11T02:31:23.105264,0.57,0.43,1.0
2025-12-11T02:31:23.709307,0.57,0.43,1.0
2025-12-11T02:31:24.318481,0.575,0.425,1.0
2025-12-11T02:31:24.926113,0.575,0.425,1.0
2025-12-11T02:31:25.520908,0.57,0.43,1.0
2025-12-11T02:31:26.125837,0.575,0.425,1.0
2025-12-11T02:31:26.729618,0.565,0.435,1.0
2025-12-11T02:31:27.335013,0.575,0.425,1.0
2025-12-11T02:31:27.942903,0.575,0.425,1.0
2025-12-11T02:31:28.546763,0.575,0.425,1.0
2025-12-11T02:31:29.149506,0.58,0.42,1.0
2025-12-11T02:31:29.752132,0.56,0.44,1.0
2025-12-11T02:31:30.348072,0.555,0.445,1.0
2025-12-11T02:31:30.957201,0.555,0.445,1.0
2025-12-11T02:31:31.564680,0.555,0.445,1.0
2025-12-11T02:31:32.171346,0.545,0.455,1.0
2025-12-11T02:31:32.769791,0.545,0.455,1.0
2025-12-11T02:31:33.366179,0.535,0.465,1.0
2025-12-11T02:31:33.963772,0.53,0.47,1.0
2025-12-11T02:31:34.564584,0.53,0.47,1.0
2025-12-11T02:31:35.172532,0.53,0.47,1.0
2025-12-11T02:31:35.770202,0.535,0.465,1.0
2025-12-11T02:31:36.380964,0.535,0.465,1.0
2025-12-11T02:31:35.384920,0.53,0.47,1.0
2025-12-11T02:31:35.998928,0.525,0.475,1.0
2025-12-11T02:31:36.603816,0.525,0.475,1.0
2025-12-11T02:31:37.214063,0.54,0.46,1.0
2025-12-11T02:31:37.827715,0.56,0.44,1.0
2025-12-11T02:31:38.446226,0.565,0.435,1.0
2025-12-11T02:31:39.052538,0.565,0.435,1.0
2025-12-11T02:31:39.656222,0.565,0.435,1.0
2025-12-11T02:31:40.269758,0.555,0.445,1.0
2025-12-11T02:31:40.882141,0.53,0.47,1.0
2025-12-11T02:31:41.498483,0.525,0.475,1.0
2025-12-11T02:31:42.104276,0.515,0.49,1.005
2025-12-11T02:31:42.710530,0.51,0.49,1.0
2025-12-11T02:31:43.322204,0.51,0.49,1.0
2025-12-11T02:31:43.927209,0.51,0.485,0.995
2025-12-11T02:31:44.531339,0.515,0.475,0.99
2025-12-11T02:31:45.135701,0.535,0.465,1.0
2025-12-11T02:31:45.741451,0.535,0.465,1.0
2025-12-11T02:31:46.349607,0.535,0.465,1.0
2025-12-11T02:31:46.952223,0.535,0.465,1.0
2025-12-11T02:31:47.561793,0.535,0.465,1.0
2025-12-11T02:31:48.154980,0.535,0.465,1.0
2025-12-11T02:31:48.753399,0.535,0.465,1.0
2025-12-11T02:31:49.385639,0.515,0.485,1.0
2025-12-11T02:31:49.988420,0.515,0.485,1.0
2025-12-11T02:31:50.601830,0.505,0.495,1.0
2025-12-11T02:31:51.204039,0.505,0.495,1.0
2025-12-11T02:31:51.806371,0.505,0.505,1.01
2025-12-11T02:31:52.412479,0.495,0.505,1.0
2025-12-11T02:31:53.010153,0.49,0.51,1.0
2025-12-11T02:31:53.619009,0.485,0.515,1.0
2025-12-11T02:31:54.228012,0.485,0.515,1.0
2025-12-11T02:31:54.830357,0.475,0.525,1.0
2025-12-11T02:31:55.440048,0.48,0.52,1.0
2025-12-11T02:31:56.041629,0.485,0.515,1.0
2025-12-11T02:31:56.652432,0.49,0.51,1.0
2025-12-11T02:31:57.251683,0.495,0.505,1.0
2025-12-11T02:31:57.861608,0.495,0.505,1.0
2025-12-11T02:31:58.487933,0.495,0.505,1.0
2025-12-11T02:31:59.090735,0.495,0.505,1.0
2025-12-11T02:31:59.706493,0.495,0.505,1.0
2025-12-11T02:32:00.307567,0.495,0.505,1.0
2025-12-11T02:32:00.914342,0.485,0.515,1.0
2025-12-11T02:32:01.515206,0.47,0.53,1.0
2025-12-11T02:32:02.112483,0.475,0.525,1.0
2025-12-11T02:32:02.716252,0.47,0.535,1.005
2025-12-11T02:32:03.312962,0.465,0.535,1.0
2025-12-11T02:32:03.919073,0.455,0.545,1.0
2025-12-11T02:32:04.527804,0.455,0.555,1.01
2025-12-11T02:32:05.136594,0.445,0.555,1.0
2025-12-11T02:32:05.735220,0.455,0.545,1.0
2025-12-11T02:32:06.350847,0.455,0.545,1.0
2025-12-11T02:32:06.953698,0.455,0.555,1.01
2025-12-11T02:32:05.934247,0.445,0.555,1.0
2025-12-11T02:32:06.530486,0.425,0.575,1.0
2025-12-11T02:32:07.132001,0.415,0.585,1.0
2025-12-11T02:32:07.727704,0.415,0.585,1.0
2025-12-11T02:32:08.337856,0.405,0.595,1.0
2025-12-11T02:32:08.944157,0.405,0.595,1.0
2025-12-11T02:32:09.546995,0.405,0.595,1.0
2025-12-11T02:32:10.193495,0.395,0.605,1.0
2025-12-11T02:32:10.812181,0.395,0.605,1.0
2025-12-11T02:32:11.429054,0.395,0.605,1.0
2025-12-11T02:32:12.031323,0.395,0.605,1.0
2025-12-11T02:32:12.640247,0.405,0.595,1.0
2025-12-11T02:32:13.249493,0.425,0.575,1.0
2025-12-11T02:32:13.854090,0.425,0.575,1.0
2025-12-11T02:32:14.452812,0.435,0.565,1.0
2025-12-11T02:32:15.060330,0.435,0.565,1.0
2025-12-11T02:32:15.671526,0.445,0.555,1.0
2025-12-11T02:32:16.276870,0.445,0.55,0.9950000000000001
2025-12-11T02:32:16.890570,0.455,0.545,1.0
2025-12-11T02:32:17.515123,0.455,0.545,1.0
2025-12-11T02:32:18.114598,0.455,0.545,1.0
2025-12-11T02:32:18.727540,0.45,0.55,1.0
2025-12-11T02:32:19.332926,0.455,0.545,1.0
2025-12-11T02:32:19.948158,0.455,0.545,1.0
2025-12-11T02:32:20.549873,0.455,0.545,1.0
2025-12-11T02:32:21.164838,0.445,0.555,1.0
2025-12-11T02:32:21.771089,0.455,0.545,1.0
2025-12-11T02:32:22.369492,0.45,0.545,0.9950000000000001
2025-12-11T02:32:22.988632,0.445,0.555,1.0
2025-12-11T02:32:23.592530,0.435,0.565,1.0
2025-12-11T02:32:24.199997,0.44,0.56,1.0
2025-12-11T02:32:24.804317,0.46,0.54,1.0
2025-12-11T02:32:25.409656,0.465,0.535,1.0
2025-12-11T02:32:26.010397,0.47,0.53,1.0
2025-12-11T02:32:26.614100,0.47,0.535,1.005
2025-12-11T02:32:27.223798,0.465,0.535,1.0
2025-12-11T02:32:27.825982,0.47,0.53,1.0
2025-12-11T02:32:28.435085,0.475,0.525,1.0
2025-12-11T02:32:29.057680,0.475,0.525,1.0
2025-12-11T02:32:29.659755,0.495,0.505,1.0
2025-12-11T02:32:30.256506,0.48,0.52,1.0
2025-12-11T02:32:30.870804,0.485,0.515,1.0
2025-12-11T02:32:31.473795,0.495,0.51,1.005
2025-12-11T02:32:32.093621,0.47,0.53,1.0
2025-12-11T02:32:32.690272,0.46,0.54,1.0
2025-12-11T02:32:33.297684,0.455,0.545,1.0
2025-12-11T02:32:33.905339,0.455,0.545,1.0
2025-12-11T02:32:34.537079,0.46,0.535,0.9950000000000001
2025-12-11T02:32:35.136788,0.455,0.545,1.0
2025-12-11T02:32:35.735568,0.46,0.54,1.0
2025-12-11T02:32:36.337283,0.465,0.535,1.0
2025-12-11T02:32:36.944868,0.465,0.535,1.0
2025-12-11T02:32:37.543761,0.475,0.525,1.0
2025-12-11T02:32:36.541544,0.485,0.515,1.0
2025-12-11T02:32:37.150648,0.49,0.505,0.995
2025-12-11T02:32:37.760522,0.485,0.515,1.0
2025-12-11T02:32:38.359769,0.485,0.515,1.0
2025-12-11T02:32:38.959956,0.48,0.52,1.0
2025-12-11T02:32:39.562162,0.485,0.515,1.0
2025-12-11T02:32:40.167947,0.495,0.505,1.0
2025-12-11T02:32:40.763898,0.495,0.505,1.0
2025-12-11T02:32:41.375622,0.485,0.515,1.0
2025-12-11T02:32:41.977857,0.485,0.515,1.0
2025-12-11T02:32:42.574901,0.485,0.515,1.0
2025-12-11T02:32:43.184098,0.485,0.515,1.0
2025-12-11T02:32:43.785693,0.49,0.51,1.0
2025-12-11T02:32:44.396535,0.495,0.505,1.0
2025-12-11T02:32:45.007324,0.495,0.505,1.0
2025-12-11T02:32:45.612558,0.5,0.5,1.0
2025-12-11T02:32:46.211108,0.505,0.495,1.0
2025-12-11T02:32:46.819327,0.505,0.495,1.0
2025-12-11T02:32:47.427605,0.525,0.475,1.0
2025-12-11T02:32:48.024043,0.53,0.47,1.0
2025-12-11T02:32:48.623040,0.535,0.465,1.0
2025-12-11T02:32:49.235254,0.545,0.455,1.0
2025-12-11T02:32:49.851094,0.555,0.445,1.0
2025-12-11T02:32:50.456973,0.55,0.45,1.0
2025-12-11T02:32:51.057252,0.545,0.455,1.0
2025-12-11T02:32:51.660492,0.52,0.48,1.0
2025-12-11T02:32:52.272103,0.52,0.485,1.005
2025-12-11T02:32:52.886781,0.515,0.485,1.0
2025-12-11T02:32:53.491338,0.535,0.47,1.005
2025-12-11T02:32:54.102568,0.545,0.455,1.0
2025-12-11T02:32:54.715491,0.53,0.47,1.0
2025-12-11T02:32:55.318398,0.52,0.48,1.0
2025-12-11T02:32:55.921990,0.51,0.495,1.005
2025-12-11T02:32:56.532172,0.515,0.485,1.0
2025-12-11T02:32:57.139848,0.53,0.47,1.0
2025-12-11T02:32:57.752827,0.535,0.465,1.0
2025-12-11T02:32:58.359306,0.53,0.47,1.0
2025-12-11T02:32:58.966303,0.525,0.475,1.0
2025-12-11T02:32:59.572768,0.525,0.475,1.0
2025-12-11T02:33:00.176093,0.525,0.475,1.0
2025-12-11T02:33:00.791152,0.525,0.475,1.0
2025-12-11T02:33:01.402130,0.535,0.47,1.005
2025-12-11T02:33:02.006159,0.515,0.485,1.0
2025-12-11T02:33:02.607920,0.505,0.495,1.0
2025-12-11T02:33:03.213236,0.5,0.5,1.0
2025-12-11T02:33:03.817672,0.5,0.5,1.0
2025-12-11T02:33:04.426849,0.5,0.5,1.0
2025-12-11T02:33:05.025822,0.5,0.5,1.0
2025-12-11T02:33:05.644876,0.5,0.5,1.0
2025-12-11T02:33:06.247791,0.5,0.495,0.995
2025-12-11T02:33:06.851298,0.5,0.5,1.0
2025-12-11T02:33:07.462412,0.505,0.495,1.0
2025-12-11T02:33:08.076885,0.505,0.495,1.0
2025-12-11T02:33:08.693774,0.505,0.495,1.0
2025-12-11T02:33:07.713107,0.505,0.495,1.0
2025-12-11T02:33:08.331108,0.515,0.485,1.0
2025-12-11T02:33:08.959358,0.525,0.475,1.0
2025-12-11T02:33:09.582276,0.535,0.465,1.0
2025-12-11T02:33:10.200433,0.535,0.465,1.0
2025-12-11T02:33:10.809791,0.535,0.465,1.0
2025-12-11T02:33:11.407469,0.53,0.47,1.0
2025-12-11T02:33:12.020765,0.525,0.475,1.0
2025-12-11T02:33:12.630560,0.515,0.485,1.0
2025-12-11T02:33:13.254842,0.515,0.49,1.005
2025-12-11T02:33:13.859945,0.51,0.49,1.0
2025-12-11T02:33:14.469247,0.515,0.485,1.0
2025-12-11T02:33:15.083411,0.515,0.485,1.0
2025-12-11T02:33:15.690622,0.525,0.475,1.0
2025-12-11T02:33:16.303633,0.535,0.465,1.0
2025-12-11T02:33:16.919948,0.545,0.455,1.0
2025-12-11T02:33:17.535127,0.545,0.455,1.0
2025-12-11T02:33:18.162316,0.55,0.445,0.9950000000000001
2025-12-11T02:33:18.770824,0.555,0.455,1.01
2025-12-11T02:33:19.388554,0.545,0.455,1.0
2025-12-11T02:33:20.004468,0.545,0.455,1.0
2025-12-11T02:33:20.618040,0.545,0.455,1.0
2025-12-11T02:33:21.227359,0.545,0.455,1.0
2025-12-11T02:33:21.841055,0.545,0.455,1.0
2025-12-11T02:33:22.466597,0.515,0.485,1.0
2025-12-11T02:33:23.083214,0.505,0.495,1.0
2025-12-11T02:33:23.696058,0.505,0.495,1.0
2025-12-11T02:33:24.310962,0.505,0.495,1.0
2025-12-11T02:33:24.921981,0.515,0.485,1.0
2025-12-11T02:33:25.541201,0.515,0.485,1.0
2025-12-11T02:33:26.144700,0.505,0.495,1.0
2025-12-11T02:33:26.741892,0.515,0.485,1.0
2025-12-11T02:33:27.356919,0.52,0.475,0.995
2025-12-11T02:33:27.966048,0.515,0.485,1.0
2025-12-11T02:33:28.570947,0.515,0.485,1.0
2025-12-11T02:33:29.187122,0.515,0.485,1.0
2025-12-11T02:33:29.803237,0.515,0.485,1.0
2025-12-11T02:33:30.423756,0.51,0.495,1.005
2025-12-11T02:33:31.040109,0.505,0.485,0.99
2025-12-11T02:33:31.662995,0.51,0.49,1.0
2025-12-11T02:33:32.270711,0.51,0.495,1.005
2025-12-11T02:33:32.875088,0.495,0.505,1.0
2025-12-11T02:33:33.501862,0.47,0.525,0.995
2025-12-11T02:33:34.117008,0.485,0.515,1.0
2025-12-11T02:33:34.732295,0.475,0.52,0.995
2025-12-11T02:33:35.343701,0.485,0.515,1.0
2025-12-11T02:33:35.968653,0.475,0.525,1.0
2025-12-11T02:33:36.575821,0.475,0.525,1.0
2025-12-11T02:33:37.191233,0.485,0.52,1.005
2025-12-11T02:33:37.803617,0.475,0.525,1.0
2025-12-11T02:33:38.399756,0.465,0.54,1.0050000000000001
2025-12-11T02:33:38.998383,0.455,0.545,1.0
2025-12-11T02:33:37.999312,0.465,0.535,1.0
2025-12-11T02:33:38.604036,0.475,0.525,1.0
2025-12-11T02:33:39.210804,0.475,0.525,1.0
2025-12-11T02:33:39.815913,0.475,0.53,1.005
2025-12-11T02:33:40.427694,0.47,0.53,1.0
2025-12-11T02:33:41.028232,0.465,0.53,0.9950000000000001
2025-12-11T02:33:41.658744,0.455,0.545,1.0
2025-12-11T02:33:42.263846,0.455,0.545,1.0
2025-12-11T02:33:42.874608,0.455,0.545,1.0
2025-12-11T02:33:43.479270,0.445,0.56,1.0050000000000001
2025-12-11T02:33:44.112864,0.465,0.535,1.0
2025-12-11T02:33:44.722678,0.455,0.545,1.0
2025-12-11T02:33:45.327108,0.465,0.535,1.0
2025-12-11T02:33:45.934386,0.465,0.535,1.0
2025-12-11T02:33:46.537589,0.465,0.535,1.0
2025-12-11T02:33:47.142957,0.465,0.535,1.0
2025-12-11T02:33:47.756121,0.465,0.53,0.9950000000000001
2025-12-11T02:33:48.370988,0.475,0.525,1.0
2025-12-11T02:33:48.985459,0.475,0.525,1.0
2025-12-11T02:33:49.593356,0.475,0.525,1.0
2025-12-11T02:33:50.196836,0.475,0.525,1.0
2025-12-11T02:33:50.811600,0.47,0.53,1.0
2025-12-11T02:33:51.424299,0.445,0.555,1.0
2025-12-11T02:33:52.025644,0.45,0.545,0.9950000000000001
2025-12-11T02:33:52.641265,0.46,0.54,1.0
2025-12-11T02:33:53.256155,0.46,0.54,1.0
2025-12-11T02:33:53.853403,0.465,0.535,1.0
2025-12-11T02:33:54.454850,0.49,0.505,0.995
2025-12-11T02:33:55.051061,0.495,0.505,1.0
2025-12-11T02:33:55.664365,0.475,0.525,1.0
2025-12-11T02:33:56.272582,0.465,0.535,1.0
2025-12-11T02:33:56.874789,0.465,0.535,1.0
2025-12-11T02:33:57.475926,0.465,0.54,1.0050000000000001
2025-12-11T02:33:58.078304,0.455,0.545,1.0
2025-12-11T02:33:58.683899,0.455,0.545,1.0
2025-12-11T02:33:59.297270,0.47,0.53,1.0
2025-12-11T02:33:59.915914,0.475,0.525,1.0
2025-12-11T02:34:00.530529,0.475,0.53,1.005
2025-12-11T02:34:01.148514,0.455,0.545,1.0
2025-12-11T02:34:01.751064,0.445,0.555,1.0
2025-12-11T02:34:02.367182,0.435,0.565,1.0
2025-12-11T02:34:02.974284,0.435,0.565,1.0
2025-12-11T02:34:03.600115,0.445,0.555,1.0
2025-12-11T02:34:04.219336,0.46,0.54,1.0
2025-12-11T02:34:04.828381,0.46,0.54,1.0
2025-12-11T02:34:05.447562,0.465,0.535,1.0
2025-12-11T02:34:06.059871,0.465,0.53,0.9950000000000001
2025-12-11T02:34:06.672904,0.47,0.53,1.0
2025-12-11T02:34:07.287040,0.465,0.535,1.0
2025-12-11T02:34:07.906352,0.465,0.535,1.0
2025-12-11T02:34:08.519190,0.465,0.535,1.0
2025-12-11T02:34:09.132536,0.47,0.53,1.0
2025-12-11T02:34:09.733940,0.47,0.53,1.0
2025-12-11T02:34:08.716362,0.475,0.525,1.0
2025-12-11T02:34:09.367089,0.495,0.505,1.0
2025-12-11T02:34:09.973554,0.495,0.505,1.0
2025-12-11T02:34:10.597426,0.495,0.505,1.0
2025-12-11T02:34:11.198534,0.485,0.515,1.0
2025-12-11T02:34:11.796447,0.465,0.535,1.0
2025-12-11T02:34:12.407669,0.455,0.545,1.0
2025-12-11T02:34:13.018891,0.455,0.545,1.0
2025-12-11T02:34:13.625368,0.47,0.53,1.0
2025-12-11T02:34:14.230335,0.475,0.525,1.0
2025-12-11T02:34:14.839612,0.465,0.535,1.0
2025-12-11T02:34:15.447665,0.465,0.535,1.0
2025-12-11T02:34:16.063770,0.465,0.535,1.0
2025-12-11T02:34:16.668219,0.465,0.535,1.0
2025-12-11T02:34:17.279958,0.465,0.535,1.0
2025-12-11T02:34:17.883758,0.455,0.545,1.0
2025-12-11T02:34:18.502500,0.475,0.525,1.0
2025-12-11T02:34:19.107445,0.49,0.51,1.0
2025-12-11T02:34:19.724844,0.495,0.505,1.0
2025-12-11T02:34:20.331183,0.5,0.505,1.005
2025-12-11T02:34:20.929544,0.505,0.495,1.0
2025-12-11T02:34:21.540282,0.5,0.505,1.005
2025-12-11T02:34:22.154554,0.495,0.505,1.0
2025-12-11T02:34:22.764149,0.495,0.505,1.0
2025-12-11T02:34:23.369008,0.495,0.505,1.0
2025-12-11T02:34:23.976358,0.465,0.535,1.0
2025-12-11T02:34:24.589011,0.47,0.53,1.0
2025-12-11T02:34:25.196362,0.47,0.53,1.0
2025-12-11T02:34:25.801302,0.48,0.52,1.0
2025-12-11T02:34:26.415043,0.475,0.525,1.0
2025-12-11T02:34:27.020809,0.475,0.525,1.0
2025-12-11T02:34:27.640648,0.475,0.525,1.0
2025-12-11T02:34:28.244280,0.475,0.525,1.0
2025-12-11T02:34:28.846698,0.48,0.515,0.995
2025-12-11T02:34:29.472852,0.485,0.515,1.0
2025-12-11T02:34:30.085195,0.485,0.515,1.0
2025-12-11T02:34:30.700402,0.485,0.515,1.0
2025-12-11T02:34:31.305338,0.485,0.515,1.0
2025-12-11T02:34:31.902000,0.49,0.51,1.0
2025-12-11T02:34:32.518589,0.49,0.51,1.0
2025-12-11T02:34:33.129841,0.485,0.515,1.0
2025-12-11T02:34:33.738719,0.485,0.515,1.0
2025-12-11T02:34:34.351617,0.5,0.5,1.0
2025-12-11T02:34:34.958785,0.495,0.515,1.01
2025-12-11T02:34:35.560221,0.49,0.51,1.0
2025-12-11T02:34:36.172756,0.49,0.51,1.0
2025-12-11T02:34:36.789999,0.485,0.51,0.995
2025-12-11T02:34:37.399481,0.485,0.515,1.0
2025-12-11T02:34:38.005463,0.475,0.525,1.0
2025-12-11T02:34:38.616807,0.475,0.525,1.0
2025-12-11T02:34:39.227717,0.485,0.515,1.0
2025-12-11T02:34:39.826878,0.495,0.505,1.0
2025-12-11T02:34:40.453022,0.49,0.51,1.0
2025-12-11T02:34:39.472779,0.475,0.525,1.0
2025-12-11T02:34:40.094677,0.465,0.535,1.0
2025-12-11T02:34:40.707005,0.465,0.535,1.0
2025-12-11T02:34:41.316372,0.465,0.535,1.0
2025-12-11T02:34:41.934763,0.465,0.535,1.0
2025-12-11T02:34:42.548088,0.46,0.54,1.0
2025-12-11T02:34:43.165548,0.47,0.53,1.0
2025-12-11T02:34:43.769312,0.465,0.535,1.0
2025-12-11T02:34:44.364587,0.465,0.53,0.9950000000000001
2025-12-11T02:34:44.973527,0.47,0.53,1.0
2025-12-11T02:34:45.586281,0.465,0.535,1.0
2025-12-11T02:34:46.199413,0.465,0.535,1.0
2025-12-11T02:34:46.867840,0.465,0.53,0.9950000000000001
2025-12-11T02:34:47.483624,0.465,0.535,1.0
2025-12-11T02:34:48.105460,0.455,0.545,1.0
2025-12-11T02:34:48.710489,0.455,0.545,1.0
2025-12-11T02:34:49.309711,0.455,0.545,1.0
2025-12-11T02:34:49.920229,0.455,0.545,1.0
2025-12-11T02:34:50.526356,0.445,0.555,1.0
2025-12-11T02:34:51.144142,0.445,0.555,1.0
2025-12-11T02:34:51.749939,0.435,0.565,1.0
2025-12-11T02:34:52.368603,0.43,0.57,1.0
2025-12-11T02:34:53.026241,0.445,0.55,0.9950000000000001
2025-12-11T02:34:53.647953,0.465,0.535,1.0
2025-12-11T02:34:54.326464,0.475,0.525,1.0
2025-12-11T02:34:54.954433,0.475,0.525,1.0
2025-12-11T02:34:55.555073,0.475,0.525,1.0
2025-12-11T02:34:56.171202,0.475,0.525,1.0
2025-12-11T02:34:56.785467,0.48,0.52,1.0
2025-12-11T02:34:57.405414,0.48,0.52,1.0
2025-12-11T02:34:58.018197,0.475,0.525,1.0
2025-12-11T02:34:58.633762,0.475,0.525,1.0
2025-12-11T02:34:59.248950,0.475,0.525,1.0
2025-12-11T02:34:59.860733,0.475,0.525,1.0
2025-12-11T02:35:00.473819,0.46,0.535,0.9950000000000001
2025-12-11T02:35:01.075222,0.475,0.525,1.0
2025-12-11T02:35:01.693013,0.475,0.525,1.0
2025-12-11T02:35:02.308231,0.475,0.525,1.0
2025-12-11T02:35:02.925760,0.495,0.505,1.0
2025-12-11T02:35:03.535869,0.495,0.505,1.0
2025-12-11T02:35:04.150321,0.495,0.5,0.995
2025-12-11T02:35:04.769890,0.505,0.495,1.0
2025-12-11T02:35:05.371324,0.5,0.5,1.0
2025-12-11T02:35:05.989138,0.5,0.5,1.0
2025-12-11T02:35:06.597142,0.495,0.505,1.0
2025-12-11T02:35:07.192125,0.495,0.505,1.0
2025-12-11T02:35:07.796526,0.495,0.505,1.0
2025-12-11T02:35:08.426460,0.495,0.505,1.0
2025-12-11T02:35:09.051746,0.495,0.505,1.0
2025-12-11T02:35:09.670647,0.495,0.505,1.0
2025-12-11T02:35:10.287484,0.495,0.505,1.0
2025-12-11T02:35:10.902965,0.495,0.505,1.0
2025-12-11T02:35:09.904851,0.495,0.505,1.0
2025-12-11T02:35:10.532931,0.495,0.505,1.0
2025-12-11T02:35:11.151692,0.505,0.495,1.0
2025-12-11T02:35:11.766687,0.505,0.485,0.99
2025-12-11T02:35:12.378853,0.535,0.465,1.0
2025-12-11T02:35:12.994715,0.53,0.47,1.0
2025-12-11T02:35:13.616401,0.53,0.47,1.0
2025-12-11T02:35:14.221931,0.535,0.465,1.0
2025-12-11T02:35:14.821579,0.545,0.455,1.0
2025-12-11T02:35:15.449405,0.535,0.465,1.0
2025-12-11T02:35:16.049882,0.535,0.465,1.0
2025-12-11T02:35:16.674132,0.525,0.475,1.0
2025-12-11T02:35:17.300965,0.51,0.49,1.0
2025-12-11T02:35:17.915577,0.505,0.495,1.0
2025-12-11T02:35:18.542871,0.505,0.49,0.995
2025-12-11T02:35:19.166209,0.51,0.495,1.005
2025-12-11T02:35:19.785426,0.51,0.49,1.0
2025-12-11T02:35:20.394339,0.51,0.49,1.0
2025-12-11T02:35:21.000831,0.51,0.49,1.0
2025-12-11T02:35:21.610077,0.51,0.49,1.0
2025-12-11T02:35:22.215871,0.505,0.495,1.0
2025-12-11T02:35:22.842067,0.505,0.495,1.0
2025-12-11T02:35:23.461165,0.51,0.49,1.0
2025-12-11T02:35:24.075660,0.51,0.49,1.0
2025-12-11T02:35:24.679739,0.505,0.495,1.0
2025-12-11T02:35:25.296305,0.505,0.495,1.0
2025-12-11T02:35:25.919748,0.505,0.495,1.0
2025-12-11T02:35:26.546495,0.51,0.49,1.0
2025-12-11T02:35:27.161664,0.515,0.485,1.0
2025-12-11T02:35:27.784695,0.515,0.485,1.0
2025-12-11T02:35:28.389899,0.505,0.505,1.01
2025-12-11T02:35:29.005244,0.475,0.525,1.0
2025-12-11T02:35:29.617047,0.465,0.535,1.0
2025-12-11T02:35:30.225517,0.465,0.535,1.0
2025-12-11T02:35:30.845653,0.465,0.535,1.0
2025-12-11T02:35:31.464889,0.465,0.535,1.0
2025-12-11T02:35:32.079237,0.455,0.545,1.0
2025-12-11T02:35:32.699758,0.465,0.535,1.0
2025-12-11T02:35:33.307198,0.465,0.535,1.0
2025-12-11T02:35:33.925293,0.465,0.535,1.0
2025-12-11T02:35:34.546139,0.465,0.535,1.0
2025-12-11T02:35:35.151423,0.46,0.54,1.0
2025-12-11T02:35:35.746383,0.46,0.54,1.0
2025-12-11T02:35:36.359515,0.465,0.535,1.0
2025-12-11T02:35:36.965506,0.465,0.535,1.0
2025-12-11T02:35:37.578886,0.465,0.535,1.0
2025-12-11T02:35:38.207082,0.49,0.51,1.0
2025-12-11T02:35:38.874390,0.495,0.505,1.0
2025-12-11T02:35:39.491997,0.495,0.505,1.0
2025-12-11T02:35:40.104761,0.495,0.505,1.0
2025-12-11T02:35:40.729321,0.495,0.505,1.0
2025-12-11T02:35:41.350002,0.495,0.505,1.0
2025-12-11T02:35:40.368040,0.495,0.505,1.0
2025-12-11T02:35:40.982839,0.495,0.505,1.0
2025-12-11T02:35:41.587904,0.485,0.515,1.0
2025-12-11T02:35:42.204072,0.485,0.515,1.0
2025-12-11T02:35:42.818174,0.485,0.515,1.0
2025-12-11T02:35:43.436906,0.495,0.505,1.0
2025-12-11T02:35:44.068167,0.495,0.505,1.0
2025-12-11T02:35:44.677450,0.505,0.495,1.0
2025-12-11T02:35:45.278894,0.52,0.485,1.005
2025-12-11T02:35:45.895282,0.525,0.475,1.0
2025-12-11T02:35:46.498773,0.525,0.475,1.0
2025-12-11T02:35:47.112857,0.52,0.48,1.0
2025-12-11T02:35:47.714042,0.52,0.48,1.0
2025-12-11T02:35:48.313237,0.525,0.475,1.0
2025-12-11T02:35:48.914441,0.525,0.475,1.0
2025-12-11T02:35:49.534056,0.535,0.465,1.0
2025-12-11T02:35:50.131390,0.535,0.465,1.0
2025-12-11T02:35:50.744168,0.535,0.465,1.0
2025-12-11T02:35:51.348864,0.535,0.465,1.0
2025-12-11T02:35:51.949384,0.535,0.465,1.0
2025-12-11T02:35:52.558941,0.535,0.465,1.0
2025-12-11T02:35:53.179353,0.525,0.475,1.0
2025-12-11T02:35:53.804728,0.54,0.46,1.0
2025-12-11T02:35:54.427388,0.54,0.455,0.9950000000000001
2025-12-11T02:35:55.041617,0.545,0.455,1.0
2025-12-11T02:35:55.650387,0.545,0.455,1.0
2025-12-11T02:35:56.263609,0.545,0.455,1.0
2025-12-11T02:35:56.876051,0.555,0.445,1.0
2025-12-11T02:35:57.474855,0.55,0.45,1.0
2025-12-11T02:35:58.092372,0.555,0.435,0.99
2025-12-11T02:35:58.708580,0.565,0.435,1.0
2025-12-11T02:35:59.364304,0.565,0.435,1.0
2025-12-11T02:35:59.992453,0.565,0.435,1.0
2025-12-11T02:36:00.607229,0.565,0.435,1.0
2025-12-11T02:36:01.219243,0.565,0.435,1.0
2025-12-11T02:36:01.840759,0.565,0.435,1.0
2025-12-11T02:36:02.444954,0.575,0.425,1.0
2025-12-11T02:36:03.047721,0.595,0.405,1.0
2025-12-11T02:36:03.661893,0.595,0.405,1.0
2025-12-11T02:36:04.271520,0.595,0.41,1.005
2025-12-11T02:36:04.886150,0.585,0.415,1.0
2025-12-11T02:36:05.483781,0.58,0.42,1.0
2025-12-11T02:36:06.116349,0.58,0.42,1.0
2025-12-11T02:36:06.724894,0.58,0.42,1.0
2025-12-11T02:36:07.338783,0.59,0.41,1.0
2025-12-11T02:36:07.953443,0.575,0.425,1.0
2025-12-11T02:36:08.575460,0.57,0.43,1.0
2025-12-11T02:36:09.182528,0.565,0.425,0.99
2025-12-11T02:36:09.790778,0.555,0.445,1.0
2025-12-11T02:36:10.398404,0.53,0.47,1.0
2025-12-11T02:36:11.008750,0.53,0.47,1.0
2025-12-11T02:36:11.625752,0.53,0.47,1.0
2025-12-11T02:36:12.232454,0.535,0.465,1.0
2025-12-11T02:36:11.231180,0.53,0.475,1.005
2025-12-11T02:36:11.847324,0.515,0.485,1.0
2025-12-11T02:36:12.458128,0.51,0.495,1.005
2025-12-11T02:36:13.070195,0.51,0.49,1.0
2025-12-11T02:36:13.672011,0.515,0.485,1.0
2025-12-11T02:36:14.276323,0.515,0.485,1.0
2025-12-11T02:36:14.883145,0.515,0.485,1.0
2025-12-11T02:36:15.484227,0.515,0.485,1.0
2025-12-11T02:36:16.083725,0.52,0.48,1.0
2025-12-11T02:36:16.697776,0.52,0.48,1.0
2025-12-11T02:36:17.310450,0.52,0.48,1.0
2025-12-11T02:36:17.921500,0.525,0.475,1.0
2025-12-11T02:36:18.526993,0.505,0.495,1.0
2025-12-11T02:36:19.139733,0.505,0.495,1.0
2025-12-11T02:36:19.747432,0.505,0.495,1.0
2025-12-11T02:36:20.357076,0.505,0.495,1.0
2025-12-11T02:36:20.959788,0.505,0.495,1.0
2025-12-11T02:36:21.565834,0.475,0.525,1.0
2025-12-11T02:36:22.179364,0.475,0.525,1.0
2025-12-11T02:36:22.783650,0.465,0.53,0.9950000000000001
2025-12-11T02:36:23.392747,0.47,0.525,0.995
2025-12-11T02:36:23.992267,0.485,0.515,1.0
2025-12-11T02:36:24.599240,0.485,0.515,1.0
2025-12-11T02:36:25.206467,0.475,0.535,1.01
2025-12-11T02:36:25.816355,0.465,0.535,1.0
2025-12-11T02:36:26.435240,0.465,0.535,1.0
2025-12-11T02:36:27.050866,0.465,0.535,1.0
2025-12-11T02:36:27.659231,0.465,0.535,1.0
2025-12-11T02:36:28.266814,0.465,0.535,1.0
2025-12-11T02:36:28.868485,0.465,0.535,1.0
2025-12-11T02:36:29.475932,0.465,0.535,1.0
2025-12-11T02:36:30.085611,0.465,0.535,1.0
2025-12-11T02:36:30.689136,0.465,0.535,1.0
2025-12-11T02:36:31.294507,0.465,0.535,1.0
2025-12-11T02:36:31.932321,0.455,0.545,1.0
2025-12-11T02:36:32.536828,0.465,0.535,1.0
2025-12-11T02:36:33.137990,0.465,0.535,1.0
2025-12-11T02:36:33.744087,0.455,0.545,1.0
2025-12-11T02:36:34.341223,0.445,0.555,1.0
2025-12-11T02:36:34.948062,0.445,0.555,1.0
2025-12-11T02:36:35.552247,0.44,0.565,1.005
2025-12-11T02:36:36.150314,0.435,0.565,1.0
2025-12-11T02:36:36.758148,0.435,0.565,1.0
2025-12-11T02:36:37.361618,0.44,0.56,1.0
2025-12-11T02:36:38.012413,0.445,0.555,1.0
2025-12-11T02:36:38.626790,0.44,0.56,1.0
2025-12-11T02:36:39.239870,0.44,0.56,1.0
2025-12-11T02:36:39.854206,0.445,0.56,1.0050000000000001
2025-12-11T02:36:40.463962,0.44,0.56,1.0
2025-12-11T02:36:41.075692,0.44,0.56,1.0
2025-12-11T02:36:41.686045,0.44,0.56,1.0
2025-12-11T02:36:42.291437,0.425,0.575,1.0
2025-12-11T02:36:42.903388,0.43,0.57,1.0
2025-12-11T02:36:41.924009,0.43,0.57,1.0
2025-12-11T02:36:42.530772,0.425,0.575,1.0
2025-12-11T02:36:43.132746,0.43,0.57,1.0
2025-12-11T02:36:43.752758,0.43,0.57,1.0
2025-12-11T02:36:44.351580,0.43,0.57,1.0
2025-12-11T02:36:44.968862,0.43,0.57,1.0
2025-12-11T02:36:45.578907,0.43,0.57,1.0
2025-12-11T02:36:46.193586,0.43,0.57,1.0
2025-12-11T02:36:46.799258,0.435,0.57,1.005
2025-12-11T02:36:47.415743,0.44,0.555,0.9950000000000001
2025-12-11T02:36:48.035556,0.45,0.55,1.0
2025-12-11T02:36:48.645734,0.455,0.545,1.0
2025-12-11T02:36:49.252581,0.455,0.545,1.0
2025-12-11T02:36:49.870942,0.455,0.545,1.0
2025-12-11T02:36:50.490248,0.455,0.545,1.0
2025-12-11T02:36:51.104615,0.455,0.545,1.0
2025-12-11T02:36:51.713722,0.455,0.545,1.0
2025-12-11T02:36:52.318722,0.46,0.535,0.9950000000000001
2025-12-11T02:36:52.927023,0.475,0.525,1.0
2025-12-11T02:36:53.527445,0.475,0.525,1.0
2025-12-11T02:36:54.135015,0.445,0.555,1.0
2025-12-11T02:36:54.749627,0.435,0.565,1.0
2025-12-11T02:36:55.345939,0.425,0.575,1.0
2025-12-11T02:36:55.954452,0.425,0.575,1.0
2025-12-11T02:36:56.556906,0.425,0.575,1.0
2025-12-11T02:36:57.158278,0.425,0.575,1.0
2025-12-11T02:36:57.764509,0.425,0.575,1.0
2025-12-11T02:36:58.365943,0.41,0.595,1.005
2025-12-11T02:36:58.970390,0.405,0.595,1.0
2025-12-11T02:36:59.574139,0.405,0.595,1.0
2025-12-11T02:37:00.206450,0.38,0.615,0.995
2025-12-11T02:37:00.810646,0.375,0.625,1.0
2025-12-11T02:37:01.414314,0.385,0.615,1.0
2025-12-11T02:37:02.020615,0.385,0.61,0.995
2025-12-11T02:37:02.627188,0.395,0.605,1.0
2025-12-11T02:37:03.224675,0.395,0.605,1.0
2025-12-11T02:37:03.821306,0.395,0.605,1.0
2025-12-11T02:37:04.434811,0.405,0.595,1.0
2025-12-11T02:37:05.040860,0.415,0.58,0.9949999999999999
2025-12-11T02:37:05.651685,0.425,0.575,1.0
2025-12-11T02:37:06.260397,0.435,0.565,1.0
2025-12-11T02:37:06.880599,0.415,0.585,1.0
2025-12-11T02:37:07.477871,0.405,0.595,1.0
2025-12-11T02:37:08.100343,0.395,0.605,1.0
2025-12-11T02:37:08.701716,0.375,0.635,1.01
2025-12-11T02:37:09.308885,0.355,0.645,1.0
2025-12-11T02:37:09.908738,0.335,0.665,1.0
2025-12-11T02:37:10.510764,0.335,0.665,1.0
2025-12-11T02:37:11.126687,0.335,0.665,1.0
2025-12-11T02:37:11.740039,0.335,0.665,1.0
2025-12-11T02:37:12.354575,0.335,0.665,1.0
2025-12-11T02:37:12.968389,0.33,0.675,1.0050000000000001
2025-12-11T02:37:13.587847,0.325,0.67,0.9950000000000001
2025-12-11T02:37:12.617278,0.34,0.66,1.0
2025-12-11T02:37:13.219603,0.33,0.67,1.0
2025-12-11T02:37:13.834865,0.335,0.66,0.9950000000000001
2025-12-11T02:37:14.466391,0.345,0.655,1.0
2025-12-11T02:37:15.081826,0.335,0.665,1.0
2025-12-11T02:37:15.686099,0.345,0.66,1.005
2025-12-11T02:37:16.297022,0.34,0.66,1.0
2025-12-11T02:37:16.913829,0.34,0.66,1.0
2025-12-11T02:37:17.514605,0.34,0.66,1.0
2025-12-11T02:37:18.135032,0.34,0.66,1.0
2025-12-11T02:37:18.750829,0.335,0.665,1.0
2025-12-11T02:37:19.367097,0.335,0.665,1.0
2025-12-11T02:37:19.981041,0.33,0.67,1.0
2025-12-11T02:37:20.604111,0.335,0.66,0.9950000000000001
2025-12-11T02:37:21.255135,0.345,0.655,1.0
2025-12-11T02:37:21.874335,0.325,0.675,1.0
2025-12-11T02:37:22.486929,0.32,0.675,0.9950000000000001
2025-12-11T02:37:23.103123,0.315,0.685,1.0
2025-12-11T02:37:23.705455,0.33,0.675,1.0050000000000001
2025-12-11T02:37:24.311074,0.325,0.675,1.0
2025-12-11T02:37:24.908661,0.315,0.685,1.0
2025-12-11T02:37:25.529071,0.315,0.69,1.005
2025-12-11T02:37:26.123452,0.305,0.695,1.0
2025-12-11T02:37:26.776645,0.295,0.705,1.0
2025-12-11T02:37:27.408344,0.285,0.715,1.0
2025-12-11T02:37:28.019263,0.265,0.735,1.0
2025-12-11T02:37:28.634938,0.275,0.725,1.0
2025-12-11T02:37:29.255885,0.28,0.72,1.0
2025-12-11T02:37:29.882495,0.265,0.735,1.0
2025-12-11T02:37:30.496286,0.265,0.735,1.0
2025-12-11T02:37:31.111542,0.255,0.745,1.0
2025-12-11T02:37:31.712508,0.245,0.755,1.0
2025-12-11T02:37:32.328523,0.245,0.755,1.0
2025-12-11T02:37:32.945632,0.245,0.755,1.0
2025-12-11T02:37:33.565630,0.22,0.78,1.0
2025-12-11T02:37:34.176060,0.215,0.785,1.0
2025-12-11T02:37:34.793083,0.215,0.785,1.0
2025-12-11T02:37:35.408836,0.205,0.795,1.0
2025-12-11T02:37:36.050561,0.205,0.795,1.0
2025-12-11T02:37:36.668131,0.205,0.795,1.0
2025-12-11T02:37:37.291325,0.205,0.795,1.0
2025-12-11T02:37:37.908860,0.205,0.795,1.0
2025-12-11T02:37:38.522495,0.205,0.795,1.0
2025-12-11T02:37:39.214473,0.195,0.8,0.9950000000000001
2025-12-11T02:37:39.824658,0.195,0.805,1.0
2025-12-11T02:37:40.443596,0.19,0.81,1.0
2025-12-11T02:37:41.061429,0.19,0.81,1.0
2025-12-11T02:37:41.680760,0.19,0.81,1.0
2025-12-11T02:37:42.300035,0.185,0.815,1.0
2025-12-11T02:37:42.912031,0.185,0.815,1.0
2025-12-11T02:37:43.527631,0.185,0.815,1.0
2025-12-11T02:37:44.147279,0.185,0.815,1.0
2025-12-11T02:37:43.161512,0.195,0.805,1.0
2025-12-11T02:37:43.775909,0.195,0.805,1.0
2025-12-11T02:37:44.386588,0.195,0.805,1.0
2025-12-11T02:37:44.997251,0.2,0.8,1.0
2025-12-11T02:37:45.613621,0.2,0.8,1.0
2025-12-11T02:37:46.224605,0.205,0.8,1.0050000000000001
2025-12-11T02:37:46.839198,0.205,0.795,1.0
2025-12-11T02:37:47.457988,0.2,0.8,1.0
2025-12-11T02:37:48.078024,0.205,0.795,1.0
2025-12-11T02:37:48.693745,0.205,0.795,1.0
2025-12-11T02:37:49.306679,0.205,0.795,1.0
2025-12-11T02:37:49.976683,0.215,0.785,1.0
2025-12-11T02:37:50.591842,0.225,0.765,0.99
2025-12-11T02:37:51.235818,0.255,0.745,1.0
2025-12-11T02:37:51.852993,0.26,0.745,1.005
2025-12-11T02:37:52.466244,0.255,0.74,0.995
2025-12-11T02:37:53.082492,0.255,0.745,1.0
2025-12-11T02:37:53.698486,0.255,0.745,1.0
2025-12-11T02:37:54.310480,0.255,0.745,1.0
2025-12-11T02:37:54.921956,0.255,0.74,0.995
2025-12-11T02:37:55.536946,0.26,0.745,1.005
2025-12-11T02:37:56.139014,0.255,0.745,1.0
2025-12-11T02:37:56.742069,0.255,0.745,1.0
2025-12-11T02:37:57.350451,0.255,0.745,1.0
2025-12-11T02:37:57.961411,0.255,0.745,1.0
2025-12-11T02:37:58.567557,0.255,0.745,1.0
2025-12-11T02:37:59.173833,0.255,0.745,1.0
2025-12-11T02:37:59.779570,0.265,0.735,1.0
2025-12-11T02:38:00.393882,0.27,0.735,1.005
2025-12-11T02:38:01.004340,0.265,0.735,1.0
2025-12-11T02:38:01.606323,0.265,0.735,1.0
2025-12-11T02:38:02.213292,0.255,0.745,1.0
2025-12-11T02:38:02.820902,0.255,0.745,1.0
2025-12-11T02:38:03.438139,0.255,0.745,1.0
2025-12-11T02:38:04.048599,0.27,0.725,0.995
2025-12-11T02:38:04.649057,0.285,0.71,0.9949999999999999
2025-12-11T02:38:05.256166,0.295,0.705,1.0
2025-12-11T02:38:05.856318,0.285,0.73,1.015
2025-12-11T02:38:06.473959,0.265,0.735,1.0
2025-12-11T02:38:07.079854,0.27,0.73,1.0
2025-12-11T02:38:07.687748,0.275,0.725,1.0
2025-12-11T02:38:08.293110,0.275,0.725,1.0
2025-12-11T02:38:08.894894,0.275,0.725,1.0
2025-12-11T02:38:09.499223,0.26,0.745,1.005
2025-12-11T02:38:10.109973,0.255,0.755,1.01
2025-12-11T02:38:10.708761,0.24,0.76,1.0
2025-12-11T02:38:11.320712,0.235,0.765,1.0
2025-12-11T02:38:11.935269,0.235,0.765,1.0
2025-12-11T02:38:12.551160,0.235,0.765,1.0
2025-12-11T02:38:13.169914,0.245,0.755,1.0
2025-12-11T02:38:13.773088,0.245,0.755,1.0
2025-12-11T02:38:14.390807,0.245,0.755,1.0
2025-12-11T02:38:15.005105,0.245,0.755,1.0
2025-12-11T02:38:14.022229,0.245,0.755,1.0
2025-12-11T02:38:14.638443,0.25,0.755,1.005
2025-12-11T02:38:15.259513,0.235,0.765,1.0
2025-12-11T02:38:15.873047,0.235,0.765,1.0
2025-12-11T02:38:16.479203,0.235,0.765,1.0
2025-12-11T02:38:17.082014,0.24,0.76,1.0
2025-12-11T02:38:17.694515,0.24,0.76,1.0
2025-12-11T02:38:18.310289,0.24,0.76,1.0
2025-12-11T02:38:18.909196,0.24,0.76,1.0
2025-12-11T02:38:19.525677,0.24,0.76,1.0
2025-12-11T02:38:20.138311,0.235,0.765,1.0
2025-12-11T02:38:20.746667,0.235,0.765,1.0
2025-12-11T02:38:21.359206,0.235,0.765,1.0
2025-12-11T02:38:21.993013,0.265,0.735,1.0
2025-12-11T02:38:22.613784,0.275,0.73,1.005
2025-12-11T02:38:23.233332,0.265,0.735,1.0
2025-12-11T02:38:23.834095,0.265,0.735,1.0
2025-12-11T02:38:24.448829,0.285,0.715,1.0
2025-12-11T02:38:25.062954,0.3,0.695,0.9949999999999999
2025-12-11T02:38:25.678066,0.305,0.695,1.0
2025-12-11T02:38:26.287886,0.305,0.695,1.0
2025-12-11T02:38:26.894530,0.305,0.695,1.0
2025-12-11T02:38:27.514701,0.315,0.685,1.0
2025-12-11T02:38:28.122385,0.315,0.685,1.0
2025-12-11T02:38:28.737955,0.315,0.685,1.0
2025-12-11T02:38:29.358465,0.31,0.69,1.0
2025-12-11T02:38:29.977037,0.305,0.695,1.0
2025-12-11T02:38:30.592076,0.31,0.69,1.0
2025-12-11T02:38:31.222093,0.315,0.685,1.0
2025-12-11T02:38:31.821584,0.305,0.695,1.0
2025-12-11T02:38:32.431630,0.295,0.705,1.0
2025-12-11T02:38:33.036046,0.265,0.735,1.0
2025-12-11T02:38:33.644966,0.255,0.745,1.0
2025-12-11T02:38:34.241687,0.255,0.745,1.0
2025-12-11T02:38:34.850836,0.255,0.745,1.0
2025-12-11T02:38:35.452959,0.255,0.745,1.0
2025-12-11T02:38:36.064059,0.245,0.755,1.0
2025-12-11T02:38:36.664562,0.235,0.765,1.0
2025-12-11T02:38:37.283652,0.235,0.765,1.0
2025-12-11T02:38:37.895107,0.235,0.765,1.0
2025-12-11T02:38:38.518419,0.245,0.755,1.0
2025-12-11T02:38:39.132697,0.245,0.755,1.0
2025-12-11T02:38:39.766951,0.245,0.755,1.0
2025-12-11T02:38:40.389838,0.245,0.755,1.0
2025-12-11T02:38:41.002305,0.245,0.755,1.0
2025-12-11T02:38:41.618785,0.24,0.76,1.0
2025-12-11T02:38:42.237141,0.235,0.765,1.0
2025-12-11T02:38:42.837219,0.24,0.76,1.0
2025-12-11T02:38:43.448414,0.235,0.765,1.0
2025-12-11T02:38:44.055878,0.235,0.765,1.0
2025-12-11T02:38:44.659170,0.225,0.775,1.0
2025-12-11T02:38:45.300936,0.225,0.775,1.0
2025-12-11T02:38:44.293580,0.235,0.765,1.0
2025-12-11T02:38:44.897478,0.235,0.765,1.0
2025-12-11T02:38:45.499412,0.24,0.76,1.0
2025-12-11T02:38:46.106924,0.24,0.76,1.0
2025-12-11T02:38:46.702327,0.24,0.76,1.0
2025-12-11T02:38:47.309176,0.24,0.76,1.0
2025-12-11T02:38:47.920715,0.235,0.765,1.0
2025-12-11T02:38:48.539858,0.235,0.765,1.0
2025-12-11T02:38:49.140302,0.24,0.76,1.0
2025-12-11T02:38:49.753265,0.245,0.75,0.995
2025-12-11T02:38:50.360993,0.245,0.755,1.0
2025-12-11T02:38:50.991501,0.245,0.755,1.0
2025-12-11T02:38:51.592777,0.245,0.755,1.0
2025-12-11T02:38:52.199846,0.25,0.75,1.0
2025-12-11T02:38:52.798490,0.25,0.75,1.0
2025-12-11T02:38:53.402200,0.245,0.755,1.0
2025-12-11T02:38:54.005572,0.245,0.755,1.0
2025-12-11T02:38:54.604494,0.255,0.745,1.0
2025-12-11T02:38:55.203269,0.255,0.745,1.0
2025-12-11T02:38:55.800546,0.255,0.745,1.0
2025-12-11T02:38:56.419813,0.255,0.745,1.0
2025-12-11T02:38:57.028081,0.255,0.745,1.0
2025-12-11T02:38:57.633151,0.26,0.745,1.005
2025-12-11T02:38:58.239909,0.25,0.75,1.0
2025-12-11T02:38:58.842025,0.25,0.75,1.0
2025-12-11T02:38:59.453227,0.25,0.75,1.0
2025-12-11T02:39:00.058719,0.255,0.745,1.0
2025-12-11T02:39:00.661041,0.26,0.735,0.995
2025-12-11T02:39:01.273285,0.285,0.715,1.0
2025-12-11T02:39:01.882846,0.285,0.715,1.0
2025-12-11T02:39:02.506485,0.285,0.715,1.0
2025-12-11T02:39:03.121444,0.295,0.705,1.0
2025-12-11T02:39:03.734231,0.305,0.7,1.005
2025-12-11T02:39:04.350081,0.3,0.7,1.0
2025-12-11T02:39:04.967188,0.295,0.705,1.0
2025-12-11T02:39:05.579452,0.295,0.705,1.0
2025-12-11T02:39:06.193671,0.295,0.7,0.9949999999999999
2025-12-11T02:39:06.805889,0.295,0.705,1.0
2025-12-11T02:39:07.420516,0.29,0.71,1.0
2025-12-11T02:39:08.036826,0.285,0.715,1.0
2025-12-11T02:39:08.686047,0.315,0.675,0.99
2025-12-11T02:39:09.304510,0.33,0.665,0.9950000000000001
2025-12-11T02:39:09.919548,0.345,0.655,1.0
2025-12-11T02:39:10.532702,0.34,0.66,1.0
2025-12-11T02:39:11.147509,0.345,0.655,1.0
2025-12-11T02:39:11.859178,0.365,0.635,1.0
2025-12-11T02:39:12.478550,0.35,0.655,1.005
2025-12-11T02:39:13.091934,0.355,0.645,1.0
2025-12-11T02:39:13.724383,0.355,0.645,1.0
2025-12-11T02:39:14.342423,0.355,0.645,1.0
2025-12-11T02:39:14.980256,0.355,0.645,1.0
2025-12-11T02:39:15.590736,0.355,0.645,1.0
2025-12-11T02:39:16.211724,0.375,0.625,1.0
2025-12-11T02:39:15.235712,0.375,0.625,1.0
2025-12-11T02:39:15.847972,0.335,0.665,1.0
2025-12-11T02:39:16.463013,0.31,0.69,1.0
2025-12-11T02:39:17.060182,0.305,0.695,1.0
2025-12-11T02:39:17.680373,0.305,0.695,1.0
2025-12-11T02:39:18.295911,0.305,0.695,1.0
2025-12-11T02:39:18.981919,0.295,0.705,1.0
2025-12-11T02:39:19.602491,0.285,0.715,1.0
2025-12-11T02:39:20.220243,0.275,0.725,1.0
2025-12-11T02:39:20.839646,0.28,0.715,0.995
2025-12-11T02:39:21.452294,0.285,0.715,1.0
2025-12-11T02:39:22.067882,0.29,0.71,1.0
2025-12-11T02:39:22.676044,0.295,0.705,1.0
2025-12-11T02:39:23.284329,0.295,0.705,1.0
2025-12-11T02:39:23.907030,0.295,0.705,1.0
2025-12-11T02:39:24.525644,0.295,0.705,1.0
2025-12-11T02:39:25.145632,0.275,0.725,1.0
2025-12-11T02:39:25.766595,0.255,0.745,1.0
2025-12-11T02:39:26.378782,0.245,0.755,1.0
2025-12-11T02:39:26.992313,0.245,0.755,1.0
2025-12-11T02:39:27.596495,0.245,0.755,1.0
2025-12-11T02:39:28.211751,0.245,0.755,1.0
2025-12-11T02:39:28.828837,0.245,0.755,1.0
2025-12-11T02:39:29.431482,0.245,0.755,1.0
2025-12-11T02:39:30.059547,0.235,0.765,1.0
2025-12-11T02:39:30.674560,0.235,0.765,1.0
2025-12-11T02:39:31.287112,0.235,0.765,1.0
2025-12-11T02:39:31.898982,0.225,0.775,1.0
2025-12-11T02:39:32.497919,0.225,0.775,1.0
2025-12-11T02:39:33.110104,0.225,0.775,1.0
2025-12-11T02:39:33.709039,0.225,0.775,1.0
2025-12-11T02:39:34.319268,0.225,0.775,1.0
2025-12-11T02:39:34.937340,0.225,0.775,1.0
2025-12-11T02:39:35.555436,0.225,0.775,1.0
2025-12-11T02:39:36.168115,0.225,0.775,1.0
2025-12-11T02:39:36.783233,0.225,0.775,1.0
2025-12-11T02:39:37.387420,0.225,0.775,1.0
2025-12-11T02:39:37.987393,0.225,0.775,1.0
2025-12-11T02:39:38.599340,0.225,0.775,1.0
2025-12-11T02:39:39.211908,0.225,0.775,1.0
2025-12-11T02:39:39.837936,0.225,0.78,1.0050000000000001
2025-12-11T02:39:40.453553,0.215,0.785,1.0
2025-12-11T02:39:41.068124,0.215,0.785,1.0
2025-12-11T02:39:41.678537,0.22,0.78,1.0
2025-12-11T02:39:42.298748,0.22,0.78,1.0
2025-12-11T02:39:42.911499,0.225,0.775,1.0
2025-12-11T02:39:43.539139,0.23,0.77,1.0
2025-12-11T02:39:44.158450,0.215,0.785,1.0
2025-12-11T02:39:44.782760,0.2,0.805,1.0050000000000001
2025-12-11T02:39:45.384316,0.195,0.805,1.0
2025-12-11T02:39:46.000213,0.195,0.805,1.0
2025-12-11T02:39:46.627833,0.195,0.805,1.0
2025-12-11T02:39:45.643273,0.185,0.815,1.0
2025-12-11T02:39:46.269598,0.195,0.805,1.0
2025-12-11T02:39:46.878067,0.195,0.805,1.0
2025-12-11T02:39:47.495971,0.195,0.805,1.0
2025-12-11T02:39:48.114263,0.195,0.805,1.0
2025-12-11T02:39:48.731183,0.185,0.815,1.0
2025-12-11T02:39:49.359490,0.185,0.815,1.0
2025-12-11T02:39:49.981778,0.185,0.815,1.0
2025-12-11T02:39:50.610750,0.195,0.805,1.0
2025-12-11T02:39:51.224142,0.205,0.795,1.0
2025-12-11T02:39:51.828111,0.205,0.8,1.0050000000000001
2025-12-11T02:39:52.451482,0.195,0.805,1.0
2025-12-11T02:39:53.089632,0.195,0.805,1.0
2025-12-11T02:39:53.690243,0.2,0.8,1.0
2025-12-11T02:39:54.314021,0.2,0.8,1.0
2025-12-11T02:39:54.925934,0.195,0.805,1.0
2025-12-11T02:39:55.543174,0.175,0.83,1.005
2025-12-11T02:39:56.169742,0.19,0.81,1.0
2025-12-11T02:39:56.789795,0.195,0.795,0.99
2025-12-11T02:39:57.414265,0.205,0.795,1.0
2025-12-11T02:39:58.030193,0.205,0.795,1.0
2025-12-11T02:39:58.641024,0.205,0.795,1.0
2025-12-11T02:39:59.256747,0.195,0.805,1.0
2025-12-11T02:39:59.861473,0.195,0.77,0.9650000000000001
2025-12-11T02:40:00.470351,0.265,0.735,1.0
2025-12-11T02:40:01.085362,0.275,0.725,1.0
2025-12-11T02:40:01.710388,0.265,0.735,1.0
2025-12-11T02:40:02.320442,0.28,0.72,1.0
2025-12-11T02:40:02.936716,0.31,0.69,1.0
2025-12-11T02:40:03.538247,0.31,0.685,0.9950000000000001
2025-12-11T02:40:04.157915,0.315,0.685,1.0
2025-12-11T02:40:04.773524,0.285,0.715,1.0
2025-12-11T02:40:05.384140,0.285,0.715,1.0
2025-12-11T02:40:05.997816,0.28,0.72,1.0
2025-12-11T02:40:06.611302,0.275,0.725,1.0
2025-12-11T02:40:07.225516,0.28,0.72,1.0
2025-12-11T02:40:07.839457,0.275,0.725,1.0
2025-12-11T02:40:08.458766,0.275,0.725,1.0
2025-12-11T02:40:09.072388,0.275,0.725,1.0
2025-12-11T02:40:09.685546,0.255,0.745,1.0
2025-12-11T02:40:10.297247,0.235,0.765,1.0
2025-12-11T02:40:10.920885,0.245,0.76,1.005
2025-12-11T02:40:11.536354,0.245,0.755,1.0
2025-12-11T02:40:12.152340,0.245,0.755,1.0
2025-12-11T02:40:12.769275,0.235,0.765,1.0
2025-12-11T02:40:13.385161,0.235,0.765,1.0
2025-12-11T02:40:13.997408,0.235,0.765,1.0
2025-12-11T02:40:14.616316,0.225,0.775,1.0
2025-12-11T02:40:15.231003,0.225,0.775,1.0
2025-12-11T02:40:15.830446,0.225,0.775,1.0
2025-12-11T02:40:16.440623,0.225,0.775,1.0
2025-12-11T02:40:17.059496,0.225,0.775,1.0
2025-12-11T02:40:16.073168,0.225,0.775,1.0
2025-12-11T02:40:16.693967,0.23,0.77,1.0
2025-12-11T02:40:17.344973,0.23,0.77,1.0
2025-12-11T02:40:17.956922,0.23,0.77,1.0
2025-12-11T02:40:18.572466,0.23,0.77,1.0
2025-12-11T02:40:19.193682,0.235,0.765,1.0
2025-12-11T02:40:19.810881,0.235,0.77,1.005
2025-12-11T02:40:20.425471,0.23,0.77,1.0
2025-12-11T02:40:21.044140,0.23,0.77,1.0
2025-12-11T02:40:21.679751,0.23,0.77,1.0
2025-12-11T02:40:22.290664,0.23,0.77,1.0
2025-12-11T02:40:22.900818,0.235,0.765,1.0
2025-12-11T02:40:23.515545,0.225,0.775,1.0
2025-12-11T02:40:24.133990,0.225,0.775,1.0
2025-12-11T02:40:24.738238,0.215,0.785,1.0
2025-12-11T02:40:25.365010,0.215,0.785,1.0
2025-12-11T02:40:25.976441,0.19,0.815,1.005
2025-12-11T02:40:26.590643,0.185,0.815,1.0
2025-12-11T02:40:27.207559,0.185,0.815,1.0
2025-12-11T02:40:27.821277,0.185,0.815,1.0
2025-12-11T02:40:28.438271,0.18,0.82,1.0
2025-12-11T02:40:29.054390,0.18,0.815,0.9949999999999999
2025-12-11T02:40:29.669988,0.195,0.805,1.0
2025-12-11T02:40:30.282676,0.215,0.79,1.0050000000000001
2025-12-11T02:40:30.897504,0.23,0.77,1.0
2025-12-11T02:40:31.515102,0.215,0.785,1.0
2025-12-11T02:40:32.145623,0.215,0.785,1.0
2025-12-11T02:40:32.766008,0.235,0.765,1.0
2025-12-11T02:40:33.382353,0.235,0.765,1.0
2025-12-11T02:40:33.995796,0.23,0.77,1.0
2025-12-11T02:40:34.602147,0.23,0.77,1.0
2025-12-11T02:40:35.218809,0.23,0.77,1.0
2025-12-11T02:40:35.839910,0.245,0.755,1.0
2025-12-11T02:40:36.452059,0.245,0.755,1.0
2025-12-11T02:40:37.052188,0.23,0.77,1.0
2025-12-11T02:40:37.674845,0.23,0.77,1.0
2025-12-11T02:40:38.289758,0.225,0.775,1.0
2025-12-11T02:40:38.906580,0.225,0.775,1.0
2025-12-11T02:40:39.528854,0.225,0.775,1.0
2025-12-11T02:40:40.147284,0.225,0.775,1.0
2025-12-11T02:40:40.769258,0.225,0.775,1.0
2025-12-11T02:40:41.384099,0.225,0.775,1.0
2025-12-11T02:40:41.993671,0.205,0.805,1.01
2025-12-11T02:40:42.624452,0.175,0.825,1.0
2025-12-11T02:40:43.244097,0.175,0.825,1.0
2025-12-11T02:40:43.864632,0.145,0.855,1.0
2025-12-11T02:40:44.484021,0.135,0.865,1.0
2025-12-11T02:40:45.104837,0.125,0.875,1.0
2025-12-11T02:40:45.717465,0.125,0.875,1.0
2025-12-11T02:40:46.331198,0.125,0.875,1.0
2025-12-11T02:40:46.957621,0.125,0.875,1.0
2025-12-11T02:40:47.575096,0.125,0.875,1.0
2025-12-11T02:40:48.189456,0.135,0.865,1.0
2025-12-11T02:40:47.187734,0.125,0.875,1.0
2025-12-11T02:40:47.799017,0.135,0.865,1.0
2025-12-11T02:40:48.403686,0.145,0.855,1.0
2025-12-11T02:40:49.016275,0.155,0.845,1.0
2025-12-11T02:40:49.631136,0.155,0.845,1.0
2025-12-11T02:40:50.242979,0.155,0.845,1.0
2025-12-11T02:40:50.857820,0.165,0.835,1.0
2025-12-11T02:40:51.472411,0.15,0.85,1.0
2025-12-11T02:40:52.087607,0.15,0.85,1.0
2025-12-11T02:40:52.693878,0.145,0.855,1.0
2025-12-11T02:40:53.315120,0.15,0.85,1.0
2025-12-11T02:40:53.928869,0.155,0.845,1.0
2025-12-11T02:40:54.552235,0.15,0.85,1.0
2025-12-11T02:40:55.150791,0.145,0.855,1.0
2025-12-11T02:40:55.771455,0.145,0.855,1.0
2025-12-11T02:40:56.409707,0.135,0.865,1.0
2025-12-11T02:40:57.022246,0.135,0.865,1.0
2025-12-11T02:40:57.632674,0.14,0.86,1.0
2025-12-11T02:40:58.251011,0.14,0.865,1.005
2025-12-11T02:40:58.863191,0.13,0.87,1.0
2025-12-11T02:40:59.476468,0.14,0.86,1.0
2025-12-11T02:41:00.095097,0.135,0.865,1.0
2025-12-11T02:41:00.701674,0.125,0.875,1.0
2025-12-11T02:41:01.312986,0.115,0.885,1.0
2025-12-11T02:41:01.927473,0.115,0.885,1.0
2025-12-11T02:41:02.539200,0.105,0.895,1.0
2025-12-11T02:41:03.153642,0.115,0.89,1.0050000000000001
2025-12-11T02:41:03.776137,0.095,0.905,1.0
2025-12-11T02:41:04.398122,0.095,0.905,1.0
2025-12-11T02:41:05.012158,0.1,0.9,1.0
2025-12-11T02:41:05.663322,0.1,0.9,1.0
2025-12-11T02:41:06.283985,0.105,0.895,1.0
2025-12-11T02:41:06.931054,0.105,0.895,1.0
2025-12-11T02:41:07.544977,0.1,0.9,1.0
2025-12-11T02:41:08.179043,0.1,0.9,1.0
2025-12-11T02:41:08.792944,0.09,0.91,1.0
2025-12-11T02:41:09.409552,0.09,0.91,1.0
2025-12-11T02:41:10.017619,0.085,0.915,1.0
2025-12-11T02:41:10.642738,0.085,0.915,1.0
2025-12-11T02:41:11.262725,0.085,0.915,1.0
2025-12-11T02:41:11.876524,0.09,0.91,1.0
2025-12-11T02:41:12.482054,0.095,0.905,1.0
2025-12-11T02:41:13.087286,0.095,0.905,1.0
2025-12-11T02:41:13.699210,0.095,0.895,0.99
2025-12-11T02:41:14.317111,0.105,0.895,1.0
2025-12-11T02:41:14.934045,0.105,0.895,1.0
2025-12-11T02:41:15.543817,0.095,0.905,1.0
2025-12-11T02:41:16.151428,0.095,0.905,1.0
2025-12-11T02:41:16.761709,0.1,0.9,1.0
2025-12-11T02:41:17.367784,0.105,0.895,1.0
2025-12-11T02:41:18.103335,0.095,0.905,1.0
2025-12-11T02:41:18.732545,0.095,0.905,1.0
2025-12-11T02:41:17.745860,0.095,0.905,1.0
2025-12-11T02:41:18.362787,0.08,0.92,1.0
2025-12-11T02:41:18.968574,0.09,0.91,1.0
2025-12-11T02:41:19.577409,0.075,0.925,1.0
2025-12-11T02:41:20.189247,0.065,0.935,1.0
2025-12-11T02:41:20.785599,0.065,0.935,1.0
2025-12-11T02:41:21.402151,0.065,0.935,1.0
2025-12-11T02:41:22.014469,0.065,0.935,1.0
2025-12-11T02:41:22.622830,0.065,0.935,1.0
2025-12-11T02:41:23.237278,0.055,0.945,1.0
2025-12-11T02:41:23.834058,0.075,0.925,1.0
2025-12-11T02:41:24.445251,0.075,0.925,1.0
2025-12-11T02:41:25.039656,0.075,0.925,1.0
2025-12-11T02:41:25.648161,0.075,0.925,1.0
2025-12-11T02:41:26.261296,0.07,0.935,1.0050000000000001
2025-12-11T02:41:26.855464,0.065,0.935,1.0
2025-12-11T02:41:27.460538,0.065,0.935,1.0
2025-12-11T02:41:28.077197,0.065,0.935,1.0
2025-12-11T02:41:28.700365,0.065,0.935,1.0
2025-12-11T02:41:29.311422,0.075,0.925,1.0
2025-12-11T02:41:29.926069,0.075,0.935,1.01
2025-12-11T02:41:30.540803,0.07,0.93,1.0
2025-12-11T02:41:31.164886,0.075,0.925,1.0
2025-12-11T02:41:31.784140,0.085,0.915,1.0
2025-12-11T02:41:32.392458,0.085,0.915,1.0
2025-12-11T02:41:33.010193,0.095,0.905,1.0
2025-12-11T02:41:33.622010,0.105,0.895,1.0
2025-12-11T02:41:34.241650,0.115,0.885,1.0
2025-12-11T02:41:34.855106,0.105,0.895,1.0
2025-12-11T02:41:35.456031,0.115,0.89,1.0050000000000001
2025-12-11T02:41:36.060794,0.095,0.905,1.0
2025-12-11T02:41:36.663686,0.12,0.88,1.0
2025-12-11T02:41:37.266338,0.13,0.87,1.0
2025-12-11T02:41:37.863988,0.14,0.86,1.0
2025-12-11T02:41:38.472122,0.145,0.855,1.0
2025-12-11T02:41:39.069300,0.165,0.835,1.0
2025-12-11T02:41:39.662838,0.18,0.815,0.9949999999999999
2025-12-11T02:41:40.272235,0.195,0.805,1.0
2025-12-11T02:41:40.897475,0.185,0.815,1.0
2025-12-11T02:41:41.507194,0.185,0.815,1.0
2025-12-11T02:41:42.111464,0.185,0.815,1.0
2025-12-11T02:41:42.716463,0.185,0.815,1.0
2025-12-11T02:41:43.317938,0.185,0.815,1.0
2025-12-11T02:41:43.930815,0.185,0.815,1.0
2025-12-11T02:41:44.543633,0.185,0.815,1.0
2025-12-11T02:41:45.155195,0.18,0.82,1.0
2025-12-11T02:41:45.765687,0.175,0.825,1.0
2025-12-11T02:41:46.372274,0.18,0.82,1.0
2025-12-11T02:41:46.980414,0.18,0.82,1.0
2025-12-11T02:41:47.590356,0.195,0.805,1.0
2025-12-11T02:41:48.200383,0.19,0.81,1.0
2025-12-11T02:41:48.813947,0.185,0.815,1.0
2025-12-11T02:41:49.418797,0.185,0.815,1.0
2025-12-11T02:41:48.399931,0.165,0.835,1.0
2025-12-11T02:41:49.001249,0.17,0.83,1.0
2025-12-11T02:41:49.670823,0.17,0.825,0.995
2025-12-11T02:41:50.276649,0.185,0.815,1.0
2025-12-11T02:41:50.878871,0.195,0.805,1.0
2025-12-11T02:41:51.483028,0.2,0.8,1.0
2025-12-11T02:41:52.112578,0.195,0.805,1.0
2025-12-11T02:41:52.707056,0.195,0.805,1.0
2025-12-11T02:41:53.315259,0.205,0.795,1.0
2025-12-11T02:41:53.925308,0.215,0.785,1.0
2025-12-11T02:41:54.529478,0.215,0.785,1.0
2025-12-11T02:41:55.132284,0.225,0.775,1.0
2025-12-11T02:41:55.738997,0.225,0.775,1.0
2025-12-11T02:41:56.383084,0.225,0.775,1.0
2025-12-11T02:41:56.983653,0.225,0.775,1.0
2025-12-11T02:41:57.590509,0.215,0.785,1.0
2025-12-11T02:41:58.192852,0.215,0.785,1.0
2025-12-11T02:41:58.793559,0.215,0.785,1.0
2025-12-11T02:41:59.410085,0.215,0.785,1.0
2025-12-11T02:42:00.013142,0.205,0.795,1.0
2025-12-11T02:42:00.627003,0.205,0.795,1.0
2025-12-11T02:42:01.236852,0.205,0.795,1.0
2025-12-11T02:42:01.835553,0.215,0.775,0.99
2025-12-11T02:42:02.446591,0.235,0.765,1.0
2025-12-11T02:42:03.054194,0.23,0.77,1.0
2025-12-11T02:42:03.646644,0.23,0.77,1.0
2025-12-11T02:42:04.255709,0.235,0.765,1.0
2025-12-11T02:42:04.897940,0.23,0.77,1.0
2025-12-11T02:42:05.508045,0.26,0.74,1.0
2025-12-11T02:42:06.118869,0.26,0.74,1.0
2025-12-11T02:42:06.716450,0.26,0.74,1.0
2025-12-11T02:42:07.335592,0.26,0.74,1.0
2025-12-11T02:42:07.938445,0.265,0.735,1.0
2025-12-11T02:42:08.544418,0.225,0.79,1.0150000000000001
2025-12-11T02:42:09.153269,0.195,0.805,1.0
2025-12-11T02:42:09.759993,0.185,0.815,1.0
2025-12-11T02:42:10.378941,0.205,0.795,1.0
2025-12-11T02:42:10.985407,0.2,0.8,1.0
2025-12-11T02:42:11.594441,0.195,0.805,1.0
2025-12-11T02:42:12.198642,0.22,0.775,0.995
2025-12-11T02:42:12.794985,0.225,0.775,1.0
2025-12-11T02:42:13.415792,0.24,0.75,0.99
2025-12-11T02:42:14.023058,0.25,0.75,1.0
2025-12-11T02:42:14.633488,0.235,0.76,0.995
2025-12-11T02:42:15.250054,0.24,0.76,1.0
2025-12-11T02:42:15.859651,0.24,0.76,1.0
2025-12-11T02:42:16.456443,0.235,0.765,1.0
2025-12-11T02:42:17.105818,0.235,0.765,1.0
2025-12-11T02:42:17.712618,0.205,0.795,1.0
2025-12-11T02:42:18.322433,0.19,0.81,1.0
2025-12-11T02:42:18.931975,0.195,0.805,1.0
2025-12-11T02:42:19.540400,0.19,0.8,0.99
2025-12-11T02:42:20.150404,0.205,0.795,1.0
2025-12-11T02:42:19.183491,0.19,0.81,1.0
2025-12-11T02:42:19.798750,0.195,0.805,1.0
2025-12-11T02:42:20.410628,0.19,0.805,0.9950000000000001
2025-12-11T02:42:21.022626,0.2,0.815,1.015
2025-12-11T02:42:21.627786,0.185,0.825,1.01
2025-12-11T02:42:22.227276,0.145,0.865,1.01
2025-12-11T02:42:22.835238,0.135,0.865,1.0
2025-12-11T02:42:23.445201,0.135,0.865,1.0
2025-12-11T02:42:24.059379,0.135,0.865,1.0
2025-12-11T02:42:24.659196,0.135,0.865,1.0
2025-12-11T02:42:25.261451,0.135,0.865,1.0
2025-12-11T02:42:25.864088,0.13,0.87,1.0
2025-12-11T02:42:26.471329,0.13,0.87,1.0
2025-12-11T02:42:27.081253,0.13,0.87,1.0
2025-12-11T02:42:27.694165,0.13,0.87,1.0
2025-12-11T02:42:28.307114,0.145,0.855,1.0
2025-12-11T02:42:28.921815,0.15,0.855,1.005
2025-12-11T02:42:29.529006,0.105,0.895,1.0
2025-12-11T02:42:30.136367,0.105,0.895,1.0
2025-12-11T02:42:30.741809,0.105,0.895,1.0
2025-12-11T02:42:31.347830,0.11,0.89,1.0
2025-12-11T02:42:31.944920,0.1,0.9,1.0
2025-12-11T02:42:32.549183,0.1,0.9,1.0
2025-12-11T02:42:33.157939,0.105,0.895,1.0
2025-12-11T02:42:33.768066,0.09,0.91,1.0
2025-12-11T02:42:34.374346,0.095,0.905,1.0
2025-12-11T02:42:34.982089,0.1,0.9,1.0
2025-12-11T02:42:35.579188,0.09,0.91,1.0
2025-12-11T02:42:36.181986,0.115,0.885,1.0
2025-12-11T02:42:36.790663,0.105,0.9,1.0050000000000001
2025-12-11T02:42:37.420106,0.095,0.905,1.0
2025-12-11T02:42:38.032414,0.105,0.895,1.0
2025-12-11T02:42:38.662193,0.105,0.895,1.0
2025-12-11T02:42:39.270628,0.1,0.9,1.0
2025-12-11T02:42:39.883775,0.095,0.905,1.0
2025-12-11T02:42:40.495065,0.09,0.91,1.0
2025-12-11T02:42:41.106972,0.09,0.91,1.0
2025-12-11T02:42:41.717267,0.09,0.91,1.0
2025-12-11T02:42:42.316076,0.09,0.91,1.0
2025-12-11T02:42:42.997222,0.095,0.905,1.0
2025-12-11T02:42:43.603421,0.095,0.905,1.0
2025-12-11T02:42:44.220494,0.105,0.895,1.0
2025-12-11T02:42:44.844947,0.105,0.895,1.0
2025-12-11T02:42:45.455136,0.105,0.895,1.0
2025-12-11T02:42:46.077975,0.095,0.905,1.0
2025-12-11T02:42:46.692959,0.105,0.895,1.0
2025-12-11T02:42:47.301656,0.105,0.895,1.0
2025-12-11T02:42:47.914402,0.105,0.895,1.0
2025-12-11T02:42:48.524882,0.095,0.905,1.0
2025-12-11T02:42:49.135748,0.095,0.905,1.0
2025-12-11T02:42:49.755167,0.095,0.905,1.0
2025-12-11T02:42:50.361212,0.1,0.9,1.0
2025-12-11T02:42:49.372522,0.1,0.9,1.0
2025-12-11T02:42:49.990506,0.095,0.905,1.0
2025-12-11T02:42:50.634154,0.115,0.885,1.0
2025-12-11T02:42:51.236554,0.105,0.895,1.0
2025-12-11T02:42:51.854609,0.1,0.9,1.0
2025-12-11T02:42:52.468082,0.1,0.9,1.0
2025-12-11T02:42:53.088279,0.1,0.9,1.0
2025-12-11T02:42:53.699699,0.105,0.895,1.0
2025-12-11T02:42:54.311572,0.095,0.905,1.0
2025-12-11T02:42:54.943433,0.115,0.885,1.0
2025-12-11T02:42:55.566709,0.135,0.86,0.995
2025-12-11T02:42:56.174777,0.155,0.855,1.01
2025-12-11T02:42:56.788615,0.135,0.865,1.0
2025-12-11T02:42:57.403060,0.12,0.885,1.005
2025-12-11T02:42:58.032440,0.105,0.895,1.0
2025-12-11T02:42:58.649349,0.105,0.895,1.0
2025-12-11T02:42:59.266706,0.11,0.89,1.0
2025-12-11T02:42:59.882396,0.105,0.895,1.0
2025-12-11T02:43:00.508066,0.11,0.89,1.0
2025-12-11T02:43:01.131686,0.105,0.895,1.0
2025-12-11T02:43:01.752304,0.095,0.905,1.0
2025-12-11T02:43:02.370368,0.095,0.905,1.0
2025-12-11T02:43:02.988449,0.095,0.905,1.0
2025-12-11T02:43:03.600738,0.115,0.885,1.0
2025-12-11T02:43:04.214352,0.115,0.885,1.0
2025-12-11T02:43:04.830047,0.105,0.91,1.0150000000000001
2025-12-11T02:43:05.440227,0.09,0.91,1.0
2025-12-11T02:43:06.052061,0.09,0.91,1.0
2025-12-11T02:43:06.656407,0.095,0.895,0.99
2025-12-11T02:43:07.267714,0.125,0.875,1.0
2025-12-11T02:43:07.878541,0.13,0.87,1.0
2025-12-11T02:43:08.492093,0.13,0.87,1.0
2025-12-11T02:43:09.102635,0.13,0.87,1.0
2025-12-11T02:43:09.715112,0.115,0.885,1.0
2025-12-11T02:43:10.320765,0.085,0.915,1.0
2025-12-11T02:43:10.923185,0.085,0.915,1.0
2025-12-11T02:43:11.535077,0.065,0.92,0.9850000000000001
2025-12-11T02:43:12.141760,0.085,0.915,1.0
2025-12-11T02:43:12.749253,0.085,0.915,1.0
2025-12-11T02:43:13.357112,0.08,0.915,0.995
2025-12-11T02:43:13.962834,0.075,0.925,1.0
2025-12-11T02:43:14.567849,0.07,0.93,1.0
2025-12-11T02:43:15.174192,0.07,0.93,1.0
2025-12-11T02:43:15.783096,0.075,0.925,1.0
2025-12-11T02:43:16.392804,0.075,0.925,1.0
2025-12-11T02:43:16.997752,0.07,0.93,1.0
2025-12-11T02:43:17.599228,0.075,0.93,1.0050000000000001
2025-12-11T02:43:18.273361,0.065,0.925,0.99
2025-12-11T02:43:18.877905,0.07,0.93,1.0
2025-12-11T02:43:19.501231,0.075,0.93,1.0050000000000001
2025-12-11T02:43:20.110081,0.065,0.935,1.0
2025-12-11T02:43:20.709819,0.07,0.93,1.0
2025-12-11T02:43:21.315218,0.085,0.915,1.0
2025-12-11T02:43:20.325220,0.08,0.92,1.0
2025-12-11T02:43:20.929441,0.08,0.92,1.0
2025-12-11T02:43:21.535555,0.075,0.925,1.0
2025-12-11T02:43:22.143644,0.075,0.935,1.01
2025-12-11T02:43:22.777329,0.06,0.935,0.9950000000000001
2025-12-11T02:43:23.401620,0.065,0.935,1.0
2025-12-11T02:43:24.007834,0.065,0.935,1.0
2025-12-11T02:43:24.608810,0.08,0.915,0.995
2025-12-11T02:43:25.216158,0.12,0.88,1.0
2025-12-11T02:43:25.826615,0.115,0.89,1.0050000000000001
2025-12-11T02:43:26.432260,0.11,0.89,1.0
2025-12-11T02:43:27.043496,0.11,0.89,1.0
2025-12-11T02:43:27.652449,0.09,0.91,1.0
2025-12-11T02:43:28.259359,0.075,0.925,1.0
2025-12-11T02:43:28.866904,0.075,0.925,1.0
2025-12-11T02:43:29.476313,0.05,0.95,1.0
2025-12-11T02:43:30.081851,0.045,0.955,1.0
2025-12-11T02:43:30.684285,0.055,0.945,1.0
2025-12-11T02:43:31.299513,0.06,0.955,1.015
2025-12-11T02:43:31.911582,0.045,0.955,1.0
2025-12-11T02:43:32.516968,0.045,0.955,1.0
2025-12-11T02:43:33.133853,0.04,0.96,1.0
2025-12-11T02:43:33.746713,0.035,0.965,1.0
2025-12-11T02:43:34.359171,0.04,0.96,1.0
2025-12-11T02:43:34.960172,0.045,0.955,1.0
2025-12-11T02:43:35.579417,0.055,0.945,1.0
2025-12-11T02:43:36.192187,0.035,0.965,1.0
2025-12-11T02:43:36.812235,0.045,0.955,1.0
2025-12-11T02:43:37.428082,0.045,0.955,1.0
2025-12-11T02:43:38.045225,0.04,0.96,1.0
2025-12-11T02:43:38.658726,0.04,0.96,1.0
2025-12-11T02:43:39.272611,0.065,0.935,1.0
2025-12-11T02:43:39.887170,0.055,0.945,1.0
2025-12-11T02:43:40.486554,0.065,0.94,1.005
2025-12-11T02:43:41.102424,0.05,0.95,1.0
2025-12-11T02:43:41.705428,0.045,0.955,1.0
2025-12-11T02:43:42.324909,0.04,0.96,1.0
2025-12-11T02:43:42.943904,0.035,0.965,1.0
2025-12-11T02:43:43.556994,0.035,0.965,1.0
2025-12-11T02:43:44.177555,0.045,0.955,1.0
2025-12-11T02:43:44.795467,0.035,0.965,1.0
2025-12-11T02:43:45.411957,0.035,0.965,1.0
2025-12-11T02:43:46.029145,0.035,0.965,1.0
2025-12-11T02:43:46.644224,0.035,0.965,1.0
2025-12-11T02:43:47.252235,0.035,0.965,1.0
2025-12-11T02:43:47.870180,0.035,0.965,1.0
2025-12-11T02:43:48.470358,0.025,0.975,1.0
2025-12-11T02:43:49.083662,0.025,0.975,1.0
2025-12-11T02:43:49.703751,0.015,0.985,1.0
2025-12-11T02:43:50.317573,0.015,0.985,1.0
2025-12-11T02:43:50.930537,0.015,0.985,1.0
2025-12-11T02:43:51.539449,0.015,0.985,1.0
2025-12-11T02:43:52.162459,0.015,0.985,1.0
2025-12-11T02:43:51.162119,0.015,0.985,1.0
2025-12-11T02:43:51.781741,0.015,0.985,1.0
2025-12-11T02:43:52.395247,0.015,0.985,1.0
2025-12-11T02:43:53.010331,0.015,0.985,1.0
2025-12-11T02:43:53.626164,0.015,0.985,1.0
2025-12-11T02:43:54.244258,0.015,0.985,1.0
2025-12-11T02:43:54.842507,0.015,0.985,1.0
2025-12-11T02:43:55.454042,0.01,0.99,1.0
2025-12-11T02:43:56.083743,0.01,0.99,1.0
2025-12-11T02:43:56.697076,0.015,0.985,1.0
2025-12-11T02:43:57.304830,0.015,0.985,1.0
2025-12-11T02:43:57.922409,0.015,0.985,1.0
2025-12-11T02:43:58.547787,0.015,0.985,1.0
2025-12-11T02:43:59.158648,0.015,0.985,1.0
2025-12-11T02:43:59.769304,0.005,0.995,1.0
2025-12-11T02:44:00.391604,0.005,0.995,1.0
2025-12-11T02:44:00.995199,0.005,0.995,1.0
2025-12-11T02:44:01.622684,0.005,0.995,1.0
2025-12-11T02:44:02.239821,0.025,0.975,1.0
2025-12-11T02:44:02.839452,0.025,0.98,1.005
2025-12-11T02:44:03.452550,0.03,0.97,1.0
2025-12-11T02:44:04.068702,0.035,0.965,1.0
2025-12-11T02:44:04.679386,0.035,0.965,1.0
2025-12-11T02:44:05.296434,0.03,0.97,1.0
2025-12-11T02:44:05.908997,0.03,0.97,1.0
2025-12-11T02:44:06.519452,0.03,0.97,1.0
2025-12-11T02:44:07.143355,0.03,0.97,1.0
2025-12-11T02:44:07.755319,0.03,0.97,1.0
2025-12-11T02:44:08.362784,0.03,0.97,1.0
2025-12-11T02:44:08.973723,0.03,0.97,1.0
2025-12-11T02:44:09.585430,0.045,0.955,1.0
2025-12-11T02:44:10.196538,0.04,0.96,1.0
2025-12-11T02:44:10.806704,0.04,0.96,1.0
2025-12-11T02:44:11.419971,0.035,0.965,1.0
2025-12-11T02:44:12.014281,0.035,0.965,1.0
2025-12-11T02:44:12.670199,0.055,0.945,1.0
2025-12-11T02:44:13.286681,0.065,0.935,1.0
2025-12-11T02:44:13.901922,0.065,0.935,1.0
2025-12-11T02:44:14.513707,0.075,0.925,1.0
2025-12-11T02:44:15.123119,0.015,0.985,1.0
2025-12-11T02:44:15.753467,0.085,0.92,1.0050000000000001
2025-12-11T02:44:16.355092,0.08,0.925,1.0050000000000001
2025-12-11T02:44:16.970314,0.065,0.935,1.0
2025-12-11T02:44:17.593813,0.095,0.905,1.0
2025-12-11T02:44:18.205163,0.095,0.905,1.0
2025-12-11T02:44:18.817491,0.1,0.9,1.0
2025-12-11T02:44:19.430639,0.095,0.905,1.0
2025-12-11T02:44:20.045010,0.085,0.915,1.0
2025-12-11T02:44:20.660409,0.085,0.915,1.0
2025-12-11T02:44:21.275002,0.085,0.915,1.0
2025-12-11T02:44:21.891475,0.095,0.905,1.0
2025-12-11T02:44:22.497891,0.09,0.91,1.0
2025-12-11T02:44:21.514926,0.085,0.925,1.01
2025-12-11T02:44:22.132232,0.075,0.925,1.0
2025-12-11T02:44:22.747796,0.075,0.925,1.0
2025-12-11T02:44:23.366376,0.075,0.925,1.0
2025-12-11T02:44:23.977205,0.06,0.935,0.9950000000000001
2025-12-11T02:44:24.594849,0.05,0.95,1.0
2025-12-11T02:44:25.192989,0.055,0.945,1.0
2025-12-11T02:44:25.808202,0.055,0.945,1.0
2025-12-11T02:44:26.425414,0.05,0.95,1.0
2025-12-11T02:44:27.047507,0.045,0.955,1.0
2025-12-11T02:44:27.657427,0.045,0.955,1.0
2025-12-11T02:44:28.268780,0.045,0.95,0.995
2025-12-11T02:44:28.885201,0.05,0.955,1.005
2025-12-11T02:44:29.491830,0.045,0.955,1.0
2025-12-11T02:44:30.107978,0.045,0.955,1.0
2025-12-11T02:44:30.720273,0.045,0.95,0.995
2025-12-11T02:44:31.336195,0.04,0.96,1.0
2025-12-11T02:44:31.956044,0.025,0.975,1.0
2025-12-11T02:44:32.570603,0.025,0.975,1.0
2025-12-11T02:44:33.183415,0.025,0.975,1.0
2025-12-11T02:44:33.789327,0.025,0.975,1.0
2025-12-11T02:44:34.403534,0.025,0.975,1.0
2025-12-11T02:44:35.015934,0.025,0.975,1.0
2025-12-11T02:44:35.628017,0.03,0.97,1.0
2025-12-11T02:44:36.244830,0.015,0.985,1.0
2025-12-11T02:44:36.861661,0.015,0.985,1.0
2025-12-11T02:44:37.477766,0.015,0.985,1.0
2025-12-11T02:44:38.088368,0.015,0.985,1.0
2025-12-11T02:44:38.710692,0.015,0.985,1.0
2025-12-11T02:44:39.318690,0.005,0.995,1.0
2025-12-11T02:44:39.932272,0.005,0.995,1.0
2025-12-11T02:44:40.550867,0.005,0.995,1.0
2025-12-11T02:44:41.162178,0.005,0.995,1.0
2025-12-11T02:44:41.773699,0.005,0.995,1.0
2025-12-11T02:44:42.390412,0.005,0.995,1.0
2025-12-11T02:44:43.006302,0.005,0.995,1.0
2025-12-11T02:44:43.620737,0.005,0.995,1.0
2025-12-11T02:44:44.226646,0.005,0.995,1.0
2025-12-11T02:44:44.835970,0.005,0.995,1.0
2025-12-11T02:44:45.451037,0.005,0.995,1.0
2025-12-11T02:44:46.072077,0.005,0.995,1.0
2025-12-11T02:44:46.683045,0.005,0.995,1.0
2025-12-11T02:44:47.291527,0.005,0.995,1.0
2025-12-11T02:44:47.964301,0.005,0.995,1.0
2025-12-11T02:44:48.576123,0.005,0.995,1.0
2025-12-11T02:44:49.188584,0.005,0.995,1.0
2025-12-11T02:44:49.800911,0.005,0.995,1.0
2025-12-11T02:44:50.403901,0.005,0.995,1.0
2025-12-11T02:44:51.018157,0.005,0.995,1.0
2025-12-11T02:44:51.649250,0.005,0.995,1.0
2025-12-11T02:44:52.261437,0.005,0.995,1.0
2025-12-11T02:44:52.873839,0.005,0.995,1.0
2025-12-11T02:44:51.879962,0.005,0.995,1.0
2025-12-11T02:44:52.492382,0.005,0.995,1.0
2025-12-11T02:44:53.104357,0.005,0.995,1.0
2025-12-11T02:44:53.714104,0.005,0.995,1.0
2025-12-11T02:44:54.326774,0.005,0.995,1.0
2025-12-11T02:44:54.938078,0.005,0.995,1.0
2025-12-11T02:44:55.552232,0.005,0.995,1.0
2025-12-11T02:44:56.168491,0.005,0.995,1.0
2025-12-11T02:44:56.780588,0.005,0.995,1.0
2025-12-11T02:44:57.391245,0.005,0.995,1.0
2025-12-11T02:44:58.010170,0.005,0.995,1.0
2025-12-11T02:44:58.628593,0.005,0.995,1.0
2025-12-11T02:44:59.242880,0.005,0.995,1.0
2025-12-11T02:44:59.849894,0.005,0.995,1.0
2025-12-11T02:45:00.459224,0.005,0.995,1.0
2025-12-11T02:45:01.079399,0.005,0.995,1.0
2025-12-11T02:45:01.693581,0.005,0.995,1.0
2025-12-11T02:45:02.304224,0.005,0.995,1.0
2025-12-11T02:45:02.973946,0.005,0.995,1.0
2025-12-11T02:45:03.590871,0.005,0.995,1.0
2025-12-11T02:45:04.199603,0.005,0.995,1.0
2025-12-11T02:45:04.810385,0.005,0.995,1.0
2025-12-11T02:45:05.422411,0.005,0.995,1.0
2025-12-11T02:45:06.026199,0.005,0.995,1.0
2025-12-11T02:45:06.645052,0.005,0.995,1.0
2025-12-11T02:45:07.266204,0.005,0.995,1.0
2025-12-11T02:45:07.884590,0.005,0.995,1.0
2025-12-11T02:45:08.497371,0.005,0.995,1.0
2025-12-11T02:45:09.115243,0.005,0.995,1.0
2025-12-11T02:45:09.742281,0.005,0.995,1.0
2025-12-11T02:45:10.401324,0.005,0.995,1.0
2025-12-11T02:45:11.020976,0.005,0.995,1.0
2025-12-11T02:45:11.630403,0.005,0.995,1.0
2025-12-11T02:45:12.239083,0.005,0.995,1.0
2025-12-11T02:45:12.847568,0.005,0.995,1.0
2025-12-11T02:45:13.456873,0.005,0.995,1.0
2025-12-11T02:45:14.062620,0.005,0.995,1.0
2025-12-11T02:45:14.686265,0.005,0.995,1.0
2025-12-11T02:45:15.308128,0.005,0.995,1.0
2025-12-11T02:45:15.919753,0.005,0.995,1.0
2025-12-11T02:45:16.542313,0.005,0.995,1.0
2025-12-11T02:45:17.161677,0.005,0.995,1.0
2025-12-11T02:45:17.782841,0.005,0.995,1.0
2025-12-11T02:45:18.393270,0.005,0.995,1.0
2025-12-11T02:45:19.015110,0.005,0.995,1.0
2025-12-11T02:45:19.636157,0.005,0.995,1.0
2025-12-11T02:45:20.249909,0.005,0.995,1.0
2025-12-11T02:45:20.862142,0.005,0.995,1.0
2025-12-11T02:45:21.544779,0.005,0.995,1.0
2025-12-11T02:45:22.176107,0.005,0.995,1.0
2025-12-11T02:45:22.795754,0.005,0.995,1.0
2025-12-11T02:45:23.405886,0.005,0.995,1.0
2025-12-11T02:45:24.020680,0.005,0.995,1.0
2025-12-11T02:45:23.026639,0.005,0.995,1.0
2025-12-11T02:45:23.639155,0.005,0.995,1.0
2025-12-11T02:45:24.250885,0.005,0.995,1.0
2025-12-11T02:45:24.859181,0.005,0.995,1.0
2025-12-11T02:45:25.468517,0.005,0.995,1.0
2025-12-11T02:45:26.066007,0.005,0.995,1.0
2025-12-11T02:45:26.678222,0.005,0.995,1.0
2025-12-11T02:45:27.292164,0.005,0.995,1.0
2025-12-11T02:45:27.900609,0.005,0.995,1.0
2025-12-11T02:45:28.508955,0.005,0.995,1.0
2025-12-11T02:45:29.125668,0.005,0.995,1.0
2025-12-11T02:45:29.734936,0.005,0.995,1.0
2025-12-11T02:45:30.344914,0.005,0.995,1.0
2025-12-11T02:45:30.952340,0.005,0.995,1.0
2025-12-11T02:45:31.565855,0.005,0.995,1.0
2025-12-11T02:45:32.180398,0.005,0.995,1.0
2025-12-11T02:45:32.790519,0.005,0.995,1.0
2025-12-11T02:45:33.398280,0.005,0.995,1.0
2025-12-11T02:45:33.997854,0.005,0.995,1.0
2025-12-11T02:45:34.612699,0.005,0.995,1.0
2025-12-11T02:45:35.229276,0.005,0.995,1.0
2025-12-11T02:45:35.847434,0.005,0.995,1.0
2025-12-11T02:45:36.473797,0.005,0.995,1.0
2025-12-11T02:45:37.090550,0.005,0.995,1.0
2025-12-11T02:45:37.712664,0.005,0.995,1.0
2025-12-11T02:45:38.312101,0.005,0.995,1.0
2025-12-11T02:45:38.922778,0.005,0.995,1.0
2025-12-11T02:45:39.535971,0.005,0.995,1.0
2025-12-11T02:45:40.149251,0.005,0.995,1.0
2025-12-11T02:45:40.763986,0.005,0.995,1.0
2025-12-11T02:45:41.379357,0.005,0.995,1.0
2025-12-11T02:45:41.991114,0.005,0.995,1.0
2025-12-11T02:45:42.610967,0.005,0.995,1.0
2025-12-11T02:45:43.223025,0.005,0.995,1.0
2025-12-11T02:45:43.838790,0.005,0.995,1.0
2025-12-11T02:45:44.453079,0.005,0.995,1.0
2025-12-11T02:45:45.067348,0.005,0.995,1.0
2025-12-11T02:45:45.679167,0.005,0.995,1.0
2025-12-11T02:45:46.293051,0.005,0.995,1.0
2025-12-11T02:45:46.906502,0.005,0.995,1.0
2025-12-11T02:45:47.519496,0.005,0.995,1.0
2025-12-11T02:45:48.134830,0.005,0.995,1.0
2025-12-11T02:45:48.747475,0.005,0.995,1.0
2025-12-11T02:45:49.356125,0.005,0.995,1.0
2025-12-11T02:45:49.969708,0.005,0.995,1.0
2025-12-11T02:45:50.582515,0.005,0.995,1.0
2025-12-11T02:45:51.204143,0.005,0.995,1.0
2025-12-11T02:45:51.818414,0.005,0.995,1.0
2025-12-11T02:45:52.430016,0.005,0.995,1.0
2025-12-11T02:45:53.049754,0.005,0.995,1.0
2025-12-11T02:45:53.657199,0.005,0.995,1.0
2025-12-11T02:45:54.281400,0.005,0.995,1.0
2025-12-11T02:45:53.289115,0.005,0.995,1.0
2025-12-11T02:45:53.903792,0.005,0.995,1.0
2025-12-11T02:45:54.508879,0.005,0.995,1.0
2025-12-11T02:45:55.125948,0.005,0.995,1.0
2025-12-11T02:45:55.733490,0.005,0.995,1.0
2025-12-11T02:45:56.340967,0.005,0.995,1.0
2025-12-11T02:45:56.959770,0.005,0.995,1.0
2025-12-11T02:45:57.570081,0.005,0.995,1.0
2025-12-11T02:45:58.187171,0.005,0.995,1.0
2025-12-11T02:45:58.801561,0.005,0.995,1.0
2025-12-11T02:45:59.423134,0.005,0.995,1.0
2025-12-11T02:46:00.040463,0.005,0.995,1.0
