timestamp,price_yes,price_no,sum_prices
2025-12-11T01:31:00.441153,0.465,0.535,1.0
2025-12-11T01:31:01.056133,0.465,0.535,1.0
2025-12-11T01:31:01.671704,0.465,0.535,1.0
2025-12-11T01:31:02.288354,0.465,0.535,1.0
2025-12-11T01:31:02.903605,0.46,0.54,1.0
2025-12-11T01:31:03.540182,0.465,0.535,1.0
2025-12-11T01:31:04.231382,0.465,0.535,1.0
2025-12-11T01:31:04.850436,0.465,0.535,1.0
2025-12-11T01:31:05.463770,0.465,0.535,1.0
2025-12-11T01:31:06.074419,0.46,0.54,1.0
2025-12-11T01:31:06.692867,0.46,0.54,1.0
2025-12-11T01:31:07.307451,0.455,0.545,1.0
2025-12-11T01:31:07.982214,0.46,0.54,1.0
2025-12-11T01:31:08.595369,0.46,0.54,1.0
2025-12-11T01:31:09.208178,0.465,0.535,1.0
2025-12-11T01:31:09.821293,0.465,0.535,1.0
2025-12-11T01:31:10.432170,0.465,0.535,1.0
2025-12-11T01:31:11.028717,0.465,0.535,1.0
2025-12-11T01:31:11.638125,0.46,0.545,1.0050000000000001
2025-12-11T01:31:12.266609,0.415,0.585,1.0
2025-12-11T01:31:12.880211,0.41,0.59,1.0
2025-12-11T01:31:13.490533,0.41,0.59,1.0
2025-12-11T01:31:14.102177,0.405,0.595,1.0
2025-12-11T01:31:14.716658,0.4,0.6,1.0
2025-12-11T01:31:15.331765,0.4,0.6,1.0
2025-12-11T01:31:15.945916,0.395,0.605,1.0
2025-12-11T01:31:16.553705,0.395,0.605,1.0
2025-12-11T01:31:17.155982,0.395,0.605,1.0
2025-12-11T01:31:17.756803,0.395,0.605,1.0
2025-12-11T01:31:18.367390,0.395,0.605,1.0
2025-12-11T01:31:18.976168,0.385,0.615,1.0
2025-12-11T01:31:17.997517,0.405,0.595,1.0
2025-12-11T01:31:18.609533,0.405,0.595,1.0
2025-12-11T01:31:19.217928,0.385,0.615,1.0
2025-12-11T01:31:19.829116,0.385,0.615,1.0
2025-12-11T01:31:20.439056,0.385,0.615,1.0
2025-12-11T01:31:21.054745,0.385,0.61,0.995
2025-12-11T01:31:21.661129,0.385,0.62,1.005
2025-12-11T01:31:22.272520,0.38,0.62,1.0
2025-12-11T01:31:22.878325,0.375,0.625,1.0
2025-12-11T01:31:23.493872,0.375,0.625,1.0
2025-12-11T01:31:24.107264,0.375,0.625,1.0
2025-12-11T01:31:24.724986,0.365,0.635,1.0
2025-12-11T01:31:25.338777,0.355,0.645,1.0
2025-12-11T01:31:25.951321,0.36,0.645,1.005
2025-12-11T01:31:26.562032,0.355,0.645,1.0
2025-12-11T01:31:27.173941,0.355,0.645,1.0
2025-12-11T01:31:27.790678,0.355,0.645,1.0
2025-12-11T01:31:28.419554,0.355,0.645,1.0
2025-12-11T01:31:29.027689,0.355,0.645,1.0
2025-12-11T01:31:29.633354,0.355,0.645,1.0
2025-12-11T01:31:30.248868,0.355,0.645,1.0
2025-12-11T01:31:30.871070,0.365,0.645,1.01
2025-12-11T01:31:31.485228,0.365,0.635,1.0
2025-12-11T01:31:32.098295,0.365,0.635,1.0
2025-12-11T01:31:32.710564,0.365,0.635,1.0
2025-12-11T01:31:33.328878,0.36,0.64,1.0
2025-12-11T01:31:33.942538,0.36,0.64,1.0
2025-12-11T01:31:34.556414,0.365,0.635,1.0
2025-12-11T01:31:35.170913,0.375,0.625,1.0
2025-12-11T01:31:35.782845,0.375,0.625,1.0
2025-12-11T01:31:36.400880,0.37,0.63,1.0
2025-12-11T01:31:37.018453,0.37,0.63,1.0
2025-12-11T01:31:37.623910,0.37,0.63,1.0
2025-12-11T01:31:38.236232,0.375,0.625,1.0
2025-12-11T01:31:38.857113,0.385,0.635,1.02
2025-12-11T01:31:39.471160,0.37,0.63,1.0
2025-12-11T01:31:40.087003,0.375,0.625,1.0
2025-12-11T01:31:40.705995,0.38,0.62,1.0
2025-12-11T01:31:41.306220,0.375,0.625,1.0
2025-12-11T01:31:41.915320,0.375,0.625,1.0
2025-12-11T01:31:42.528742,0.375,0.625,1.0
2025-12-11T01:31:43.134710,0.37,0.63,1.0
2025-12-11T01:31:43.745406,0.365,0.635,1.0
2025-12-11T01:31:44.366392,0.37,0.63,1.0
2025-12-11T01:31:44.984463,0.37,0.63,1.0
2025-12-11T01:31:45.587255,0.37,0.63,1.0
2025-12-11T01:31:46.194438,0.375,0.625,1.0
2025-12-11T01:31:46.809741,0.385,0.615,1.0
2025-12-11T01:31:47.425967,0.385,0.615,1.0
2025-12-11T01:31:48.035217,0.385,0.615,1.0
2025-12-11T01:31:48.691715,0.39,0.61,1.0
2025-12-11T01:31:49.285164,0.4,0.6,1.0
2025-12-11T01:31:49.898998,0.39,0.61,1.0
2025-12-11T01:31:48.917803,0.385,0.615,1.0
2025-12-11T01:31:49.527640,0.385,0.615,1.0
2025-12-11T01:31:50.155098,0.385,0.615,1.0
2025-12-11T01:31:50.754634,0.37,0.63,1.0
2025-12-11T01:31:51.361577,0.355,0.645,1.0
2025-12-11T01:31:51.962122,0.355,0.645,1.0
2025-12-11T01:31:52.570730,0.355,0.645,1.0
2025-12-11T01:31:53.182808,0.36,0.64,1.0
2025-12-11T01:31:53.807285,0.365,0.635,1.0
2025-12-11T01:31:54.414366,0.365,0.635,1.0
2025-12-11T01:31:55.018816,0.365,0.635,1.0
2025-12-11T01:31:55.632272,0.365,0.635,1.0
2025-12-11T01:31:56.252161,0.365,0.635,1.0
2025-12-11T01:31:56.863456,0.37,0.63,1.0
2025-12-11T01:31:57.469390,0.37,0.63,1.0
2025-12-11T01:31:58.085462,0.355,0.65,1.005
2025-12-11T01:31:58.705110,0.345,0.655,1.0
2025-12-11T01:31:59.323998,0.335,0.665,1.0
2025-12-11T01:31:59.929810,0.335,0.665,1.0
2025-12-11T01:32:00.557301,0.335,0.665,1.0
2025-12-11T01:32:01.175959,0.335,0.665,1.0
2025-12-11T01:32:01.788204,0.335,0.665,1.0
2025-12-11T01:32:02.407733,0.335,0.665,1.0
2025-12-11T01:32:03.029091,0.335,0.665,1.0
2025-12-11T01:32:03.649966,0.335,0.665,1.0
2025-12-11T01:32:04.265570,0.335,0.665,1.0
2025-12-11T01:32:04.888527,0.335,0.66,0.9950000000000001
2025-12-11T01:32:05.508518,0.345,0.655,1.0
2025-12-11T01:32:06.118632,0.335,0.665,1.0
2025-12-11T01:32:06.734814,0.335,0.665,1.0
2025-12-11T01:32:07.349930,0.345,0.655,1.0
2025-12-11T01:32:07.951191,0.35,0.65,1.0
2025-12-11T01:32:08.569544,0.345,0.655,1.0
2025-12-11T01:32:09.183897,0.34,0.66,1.0
2025-12-11T01:32:09.795494,0.34,0.66,1.0
2025-12-11T01:32:10.416176,0.34,0.66,1.0
2025-12-11T01:32:11.026548,0.335,0.665,1.0
2025-12-11T01:32:11.639526,0.335,0.665,1.0
2025-12-11T01:32:12.256224,0.335,0.665,1.0
2025-12-11T01:32:12.877738,0.335,0.665,1.0
2025-12-11T01:32:13.489155,0.325,0.675,1.0
2025-12-11T01:32:14.115020,0.325,0.675,1.0
2025-12-11T01:32:14.730079,0.325,0.675,1.0
2025-12-11T01:32:15.352816,0.325,0.675,1.0
2025-12-11T01:32:15.955001,0.325,0.675,1.0
2025-12-11T01:32:16.565773,0.325,0.675,1.0
2025-12-11T01:32:17.176176,0.325,0.675,1.0
2025-12-11T01:32:17.789016,0.325,0.675,1.0
2025-12-11T01:32:18.410016,0.325,0.675,1.0
2025-12-11T01:32:19.031993,0.315,0.685,1.0
2025-12-11T01:32:19.644553,0.315,0.685,1.0
2025-12-11T01:32:20.256565,0.325,0.675,1.0
2025-12-11T01:32:19.253370,0.315,0.685,1.0
2025-12-11T01:32:19.861877,0.315,0.685,1.0
2025-12-11T01:32:20.473802,0.315,0.685,1.0
2025-12-11T01:32:21.088630,0.315,0.685,1.0
2025-12-11T01:32:21.696947,0.305,0.695,1.0
2025-12-11T01:32:22.296058,0.305,0.695,1.0
2025-12-11T01:32:22.914999,0.305,0.695,1.0
2025-12-11T01:32:23.530639,0.295,0.705,1.0
2025-12-11T01:32:24.148867,0.295,0.705,1.0
2025-12-11T01:32:24.773149,0.305,0.695,1.0
2025-12-11T01:32:25.388541,0.305,0.695,1.0
2025-12-11T01:32:26.007731,0.305,0.695,1.0
2025-12-11T01:32:26.620270,0.305,0.695,1.0
2025-12-11T01:32:27.234179,0.295,0.705,1.0
2025-12-11T01:32:27.848655,0.295,0.705,1.0
2025-12-11T01:32:28.466344,0.295,0.705,1.0
2025-12-11T01:32:29.084296,0.3,0.7,1.0
2025-12-11T01:32:29.697680,0.305,0.695,1.0
2025-12-11T01:32:30.297426,0.295,0.705,1.0
2025-12-11T01:32:30.913395,0.295,0.705,1.0
2025-12-11T01:32:31.531276,0.295,0.705,1.0
2025-12-11T01:32:32.141155,0.315,0.685,1.0
2025-12-11T01:32:32.766265,0.315,0.685,1.0
2025-12-11T01:32:33.379073,0.315,0.685,1.0
2025-12-11T01:32:33.996144,0.315,0.685,1.0
2025-12-11T01:32:34.616134,0.315,0.685,1.0
2025-12-11T01:32:35.227564,0.315,0.685,1.0
2025-12-11T01:32:35.920177,0.29,0.71,1.0
2025-12-11T01:32:36.535113,0.275,0.725,1.0
2025-12-11T01:32:37.152320,0.265,0.735,1.0
2025-12-11T01:32:37.764535,0.285,0.715,1.0
2025-12-11T01:32:38.368614,0.295,0.705,1.0
2025-12-11T01:32:38.989933,0.305,0.695,1.0
2025-12-11T01:32:39.597970,0.305,0.695,1.0
2025-12-11T01:32:40.215889,0.305,0.695,1.0
2025-12-11T01:32:40.833145,0.305,0.695,1.0
2025-12-11T01:32:41.450891,0.305,0.695,1.0
2025-12-11T01:32:42.068330,0.295,0.705,1.0
2025-12-11T01:32:42.679417,0.295,0.705,1.0
2025-12-11T01:32:43.289363,0.295,0.705,1.0
2025-12-11T01:32:43.909109,0.295,0.705,1.0
2025-12-11T01:32:44.521250,0.295,0.705,1.0
2025-12-11T01:32:45.131632,0.295,0.705,1.0
2025-12-11T01:32:45.741387,0.305,0.705,1.01
2025-12-11T01:32:46.352498,0.285,0.715,1.0
2025-12-11T01:32:46.979438,0.285,0.715,1.0
2025-12-11T01:32:47.601627,0.285,0.715,1.0
2025-12-11T01:32:48.212551,0.29,0.715,1.005
2025-12-11T01:32:48.843321,0.29,0.71,1.0
2025-12-11T01:32:49.459658,0.29,0.71,1.0
2025-12-11T01:32:50.060447,0.29,0.71,1.0
2025-12-11T01:32:50.672785,0.29,0.71,1.0
2025-12-11T01:32:49.728159,0.29,0.71,1.0
2025-12-11T01:32:50.338023,0.295,0.705,1.0
2025-12-11T01:32:50.977038,0.29,0.71,1.0
2025-12-11T01:32:51.589291,0.285,0.715,1.0
2025-12-11T01:32:52.205942,0.285,0.715,1.0
2025-12-11T01:32:52.808237,0.285,0.715,1.0
2025-12-11T01:32:53.442698,0.285,0.715,1.0
2025-12-11T01:32:54.060393,0.285,0.715,1.0
2025-12-11T01:32:54.677384,0.285,0.715,1.0
2025-12-11T01:32:55.303265,0.29,0.71,1.0
2025-12-11T01:32:55.930588,0.29,0.71,1.0
2025-12-11T01:32:56.563820,0.29,0.71,1.0
2025-12-11T01:32:57.177282,0.29,0.71,1.0
2025-12-11T01:32:57.820716,0.305,0.695,1.0
2025-12-11T01:32:58.432276,0.315,0.685,1.0
2025-12-11T01:32:59.032713,0.31,0.69,1.0
2025-12-11T01:32:59.635616,0.31,0.69,1.0
2025-12-11T01:33:00.235824,0.305,0.7,1.005
2025-12-11T01:33:00.836792,0.3,0.7,1.0
2025-12-11T01:33:01.441681,0.3,0.705,1.005
2025-12-11T01:33:02.053945,0.295,0.705,1.0
2025-12-11T01:33:02.663079,0.295,0.705,1.0
2025-12-11T01:33:03.270339,0.295,0.705,1.0
2025-12-11T01:33:03.877916,0.295,0.705,1.0
2025-12-11T01:33:04.485790,0.295,0.705,1.0
2025-12-11T01:33:05.086430,0.295,0.705,1.0
2025-12-11T01:33:05.688984,0.295,0.715,1.01
2025-12-11T01:33:06.293381,0.285,0.715,1.0
2025-12-11T01:33:06.902368,0.285,0.715,1.0
2025-12-11T01:33:07.513704,0.285,0.715,1.0
2025-12-11T01:33:08.111406,0.285,0.715,1.0
2025-12-11T01:33:08.714006,0.285,0.715,1.0
2025-12-11T01:33:09.309675,0.285,0.72,1.005
2025-12-11T01:33:09.921915,0.275,0.725,1.0
2025-12-11T01:33:10.522559,0.275,0.725,1.0
2025-12-11T01:33:11.123103,0.275,0.725,1.0
2025-12-11T01:33:11.728197,0.265,0.735,1.0
2025-12-11T01:33:12.331222,0.265,0.735,1.0
2025-12-11T01:33:12.939891,0.265,0.735,1.0
2025-12-11T01:33:14.104106,0.255,0.745,1.0
2025-12-11T01:33:14.721037,0.245,0.755,1.0
2025-12-11T01:33:15.318372,0.245,0.755,1.0
2025-12-11T01:33:15.924068,0.25,0.75,1.0
2025-12-11T01:33:16.531974,0.235,0.765,1.0
2025-12-11T01:33:17.130305,0.235,0.765,1.0
2025-12-11T01:33:17.732785,0.235,0.765,1.0
2025-12-11T01:33:18.354666,0.235,0.765,1.0
2025-12-11T01:33:18.961735,0.235,0.765,1.0
2025-12-11T01:33:19.576566,0.235,0.765,1.0
2025-12-11T01:33:20.177265,0.235,0.765,1.0
2025-12-11T01:33:20.780833,0.255,0.745,1.0
2025-12-11T01:33:21.381513,0.255,0.745,1.0
2025-12-11T01:33:20.423593,0.255,0.745,1.0
2025-12-11T01:33:21.031115,0.25,0.75,1.0
2025-12-11T01:33:21.632842,0.245,0.755,1.0
2025-12-11T01:33:22.240746,0.245,0.755,1.0
2025-12-11T01:33:22.840832,0.25,0.75,1.0
2025-12-11T01:33:23.443120,0.245,0.755,1.0
2025-12-11T01:33:24.050672,0.235,0.765,1.0
2025-12-11T01:33:24.647549,0.225,0.775,1.0
2025-12-11T01:33:25.255538,0.22,0.785,1.0050000000000001
2025-12-11T01:33:25.860083,0.215,0.785,1.0
2025-12-11T01:33:26.459094,0.215,0.785,1.0
2025-12-11T01:33:27.061863,0.215,0.785,1.0
2025-12-11T01:33:27.677437,0.225,0.775,1.0
2025-12-11T01:33:28.288202,0.225,0.775,1.0
2025-12-11T01:33:28.893255,0.23,0.77,1.0
2025-12-11T01:33:29.505176,0.23,0.77,1.0
2025-12-11T01:33:30.114201,0.225,0.775,1.0
2025-12-11T01:33:30.722968,0.225,0.775,1.0
2025-12-11T01:33:31.332227,0.225,0.775,1.0
2025-12-11T01:33:31.931300,0.225,0.775,1.0
2025-12-11T01:33:32.546119,0.225,0.775,1.0
2025-12-11T01:33:33.157098,0.215,0.785,1.0
2025-12-11T01:33:33.762037,0.215,0.785,1.0
2025-12-11T01:33:34.368362,0.215,0.785,1.0
2025-12-11T01:33:34.975379,0.22,0.78,1.0
2025-12-11T01:33:35.596395,0.225,0.78,1.0050000000000001
2025-12-11T01:33:36.206246,0.205,0.795,1.0
2025-12-11T01:33:36.816868,0.205,0.795,1.0
2025-12-11T01:33:37.427718,0.205,0.795,1.0
2025-12-11T01:33:38.034025,0.21,0.79,1.0
2025-12-11T01:33:38.651109,0.21,0.79,1.0
2025-12-11T01:33:39.261181,0.21,0.79,1.0
2025-12-11T01:33:39.869883,0.21,0.79,1.0
2025-12-11T01:33:40.483796,0.205,0.79,0.995
2025-12-11T01:33:41.094539,0.205,0.795,1.0
2025-12-11T01:33:41.707361,0.2,0.8,1.0
2025-12-11T01:33:42.327389,0.195,0.805,1.0
2025-12-11T01:33:42.930933,0.195,0.805,1.0
2025-12-11T01:33:43.544254,0.185,0.815,1.0
2025-12-11T01:33:44.155788,0.185,0.815,1.0
2025-12-11T01:33:44.770664,0.19,0.81,1.0
2025-12-11T01:33:45.386360,0.19,0.81,1.0
2025-12-11T01:33:46.038150,0.19,0.81,1.0
2025-12-11T01:33:46.643801,0.2,0.8,1.0
2025-12-11T01:33:47.243638,0.195,0.805,1.0
2025-12-11T01:33:47.848323,0.185,0.815,1.0
2025-12-11T01:33:48.452890,0.175,0.825,1.0
2025-12-11T01:33:49.070460,0.165,0.835,1.0
2025-12-11T01:33:49.694003,0.16,0.845,1.005
2025-12-11T01:33:50.549982,0.155,0.845,1.0
2025-12-11T01:33:51.165496,0.165,0.835,1.0
2025-12-11T01:33:51.771631,0.175,0.825,1.0
2025-12-11T01:33:52.381042,0.175,0.825,1.0
2025-12-11T01:33:51.409177,0.195,0.805,1.0
2025-12-11T01:33:52.021152,0.195,0.805,1.0
2025-12-11T01:33:52.626607,0.185,0.815,1.0
2025-12-11T01:33:53.234130,0.185,0.815,1.0
2025-12-11T01:33:53.838999,0.185,0.815,1.0
2025-12-11T01:33:54.446388,0.185,0.815,1.0
2025-12-11T01:33:55.050490,0.185,0.815,1.0
2025-12-11T01:33:55.654064,0.185,0.815,1.0
2025-12-11T01:33:56.264062,0.185,0.815,1.0
2025-12-11T01:33:56.863160,0.18,0.82,1.0
2025-12-11T01:33:57.469864,0.18,0.82,1.0
2025-12-11T01:33:58.064119,0.175,0.825,1.0
2025-12-11T01:33:58.682650,0.175,0.825,1.0
2025-12-11T01:33:59.291186,0.175,0.825,1.0
2025-12-11T01:33:59.897271,0.175,0.825,1.0
2025-12-11T01:34:00.502706,0.17,0.83,1.0
2025-12-11T01:34:01.109273,0.17,0.83,1.0
2025-12-11T01:34:01.727827,0.17,0.83,1.0
2025-12-11T01:34:02.328905,0.175,0.825,1.0
2025-12-11T01:34:02.929181,0.17,0.83,1.0
2025-12-11T01:34:03.535101,0.175,0.825,1.0
2025-12-11T01:34:04.141920,0.175,0.825,1.0
2025-12-11T01:34:04.749504,0.175,0.825,1.0
2025-12-11T01:34:05.352245,0.175,0.825,1.0
2025-12-11T01:34:05.961511,0.155,0.845,1.0
2025-12-11T01:34:06.568564,0.155,0.845,1.0
2025-12-11T01:34:07.175850,0.155,0.84,0.995
2025-12-11T01:34:07.786258,0.165,0.835,1.0
2025-12-11T01:34:08.396335,0.155,0.845,1.0
2025-12-11T01:34:09.019114,0.155,0.845,1.0
2025-12-11T01:34:09.626049,0.155,0.845,1.0
2025-12-11T01:34:10.231333,0.155,0.845,1.0
2025-12-11T01:34:10.835161,0.155,0.845,1.0
2025-12-11T01:34:11.441058,0.155,0.845,1.0
2025-12-11T01:34:12.042693,0.15,0.85,1.0
2025-12-11T01:34:12.655243,0.15,0.85,1.0
2025-12-11T01:34:13.260678,0.15,0.85,1.0
2025-12-11T01:34:13.868262,0.15,0.855,1.005
2025-12-11T01:34:14.477120,0.135,0.865,1.0
2025-12-11T01:34:15.086136,0.14,0.865,1.005
2025-12-11T01:34:15.694854,0.145,0.855,1.0
2025-12-11T01:34:16.302516,0.145,0.855,1.0
2025-12-11T01:34:16.907346,0.145,0.855,1.0
2025-12-11T01:34:17.505513,0.13,0.87,1.0
2025-12-11T01:34:18.113000,0.13,0.87,1.0
2025-12-11T01:34:18.727176,0.125,0.87,0.995
2025-12-11T01:34:19.342618,0.125,0.875,1.0
2025-12-11T01:34:19.944733,0.125,0.875,1.0
2025-12-11T01:34:20.550640,0.135,0.865,1.0
2025-12-11T01:34:21.154201,0.145,0.855,1.0
2025-12-11T01:34:21.793029,0.145,0.855,1.0
2025-12-11T01:34:22.397260,0.145,0.855,1.0
2025-12-11T01:34:23.003640,0.145,0.855,1.0
2025-12-11T01:34:22.018969,0.145,0.855,1.0
2025-12-11T01:34:22.627767,0.145,0.855,1.0
2025-12-11T01:34:23.251555,0.145,0.855,1.0
2025-12-11T01:34:23.863024,0.145,0.855,1.0
2025-12-11T01:34:24.488103,0.145,0.855,1.0
2025-12-11T01:34:25.105750,0.145,0.855,1.0
2025-12-11T01:34:25.724109,0.145,0.855,1.0
2025-12-11T01:34:26.344700,0.155,0.845,1.0
2025-12-11T01:34:26.953709,0.16,0.84,1.0
2025-12-11T01:34:27.567180,0.165,0.835,1.0
2025-12-11T01:34:28.177225,0.165,0.835,1.0
2025-12-11T01:34:28.786424,0.155,0.845,1.0
2025-12-11T01:34:29.407074,0.135,0.865,1.0
2025-12-11T01:34:30.024743,0.135,0.865,1.0
2025-12-11T01:34:30.667196,0.125,0.875,1.0
2025-12-11T01:34:31.292002,0.105,0.895,1.0
2025-12-11T01:34:31.901244,0.095,0.905,1.0
2025-12-11T01:34:32.522708,0.095,0.91,1.0050000000000001
2025-12-11T01:34:33.137390,0.085,0.915,1.0
2025-12-11T01:34:33.750742,0.105,0.895,1.0
2025-12-11T01:34:34.361049,0.095,0.905,1.0
2025-12-11T01:34:34.977317,0.105,0.895,1.0
2025-12-11T01:34:35.593970,0.085,0.915,1.0
2025-12-11T01:34:36.207467,0.085,0.915,1.0
2025-12-11T01:34:36.829930,0.11,0.89,1.0
2025-12-11T01:34:37.448088,0.105,0.895,1.0
2025-12-11T01:34:38.056789,0.105,0.895,1.0
2025-12-11T01:34:38.679832,0.105,0.895,1.0
2025-12-11T01:34:39.297668,0.095,0.905,1.0
2025-12-11T01:34:39.924438,0.085,0.915,1.0
2025-12-11T01:34:40.536135,0.085,0.915,1.0
2025-12-11T01:34:41.147739,0.085,0.915,1.0
2025-12-11T01:34:41.758610,0.085,0.915,1.0
2025-12-11T01:34:42.369921,0.085,0.915,1.0
2025-12-11T01:34:42.994805,0.085,0.915,1.0
2025-12-11T01:34:43.600396,0.09,0.91,1.0
2025-12-11T01:34:44.213125,0.095,0.905,1.0
2025-12-11T01:34:44.830771,0.09,0.91,1.0
2025-12-11T01:34:45.439077,0.085,0.915,1.0
2025-12-11T01:34:46.058788,0.085,0.915,1.0
2025-12-11T01:34:46.678231,0.105,0.895,1.0
2025-12-11T01:34:47.289932,0.095,0.905,1.0
2025-12-11T01:34:47.902771,0.095,0.905,1.0
2025-12-11T01:34:48.530991,0.095,0.905,1.0
2025-12-11T01:34:49.154894,0.1,0.9,1.0
2025-12-11T01:34:49.775838,0.105,0.895,1.0
2025-12-11T01:34:50.390488,0.115,0.885,1.0
2025-12-11T01:34:51.016623,0.115,0.885,1.0
2025-12-11T01:34:51.631550,0.115,0.885,1.0
2025-12-11T01:34:52.239966,0.105,0.895,1.0
2025-12-11T01:34:52.853304,0.105,0.895,1.0
2025-12-11T01:34:53.466219,0.1,0.9,1.0
2025-12-11T01:34:52.506160,0.085,0.915,1.0
2025-12-11T01:34:53.116880,0.085,0.915,1.0
2025-12-11T01:34:53.731216,0.085,0.915,1.0
2025-12-11T01:34:54.350403,0.085,0.915,1.0
2025-12-11T01:34:54.961824,0.085,0.915,1.0
2025-12-11T01:34:55.601918,0.085,0.915,1.0
2025-12-11T01:34:56.216862,0.085,0.915,1.0
2025-12-11T01:34:56.830336,0.085,0.915,1.0
2025-12-11T01:34:57.435590,0.1,0.9,1.0
2025-12-11T01:34:58.044642,0.1,0.9,1.0
2025-12-11T01:34:58.653017,0.1,0.9,1.0
2025-12-11T01:34:59.270986,0.1,0.9,1.0
2025-12-11T01:34:59.883225,0.105,0.895,1.0
2025-12-11T01:35:00.501035,0.1,0.9,1.0
2025-12-11T01:35:01.112594,0.095,0.905,1.0
2025-12-11T01:35:01.727408,0.095,0.905,1.0
2025-12-11T01:35:02.341084,0.095,0.905,1.0
2025-12-11T01:35:02.954587,0.09,0.91,1.0
2025-12-11T01:35:03.571001,0.09,0.91,1.0
2025-12-11T01:35:04.190928,0.09,0.91,1.0
2025-12-11T01:35:04.800873,0.085,0.915,1.0
2025-12-11T01:35:05.416841,0.085,0.915,1.0
2025-12-11T01:35:06.053516,0.095,0.905,1.0
2025-12-11T01:35:06.659121,0.095,0.905,1.0
2025-12-11T01:35:07.273216,0.095,0.905,1.0
2025-12-11T01:35:07.889179,0.095,0.905,1.0
2025-12-11T01:35:08.502581,0.095,0.905,1.0
2025-12-11T01:35:09.120143,0.085,0.915,1.0
2025-12-11T01:35:09.733933,0.085,0.915,1.0
2025-12-11T01:35:10.342676,0.095,0.905,1.0
2025-12-11T01:35:10.952472,0.095,0.905,1.0
2025-12-11T01:35:11.563851,0.095,0.905,1.0
2025-12-11T01:35:12.171533,0.095,0.905,1.0
2025-12-11T01:35:12.794576,0.095,0.905,1.0
2025-12-11T01:35:13.417258,0.095,0.905,1.0
2025-12-11T01:35:14.030337,0.095,0.905,1.0
2025-12-11T01:35:14.641581,0.1,0.9,1.0
2025-12-11T01:35:15.258138,0.105,0.895,1.0
2025-12-11T01:35:15.880532,0.115,0.885,1.0
2025-12-11T01:35:16.494522,0.115,0.885,1.0
2025-12-11T01:35:17.106927,0.125,0.875,1.0
2025-12-11T01:35:17.722501,0.125,0.875,1.0
2025-12-11T01:35:18.337413,0.135,0.865,1.0
2025-12-11T01:35:18.951094,0.135,0.86,0.995
2025-12-11T01:35:19.565750,0.135,0.865,1.0
2025-12-11T01:35:20.177559,0.14,0.86,1.0
2025-12-11T01:35:20.793624,0.14,0.86,1.0
2025-12-11T01:35:21.412659,0.14,0.86,1.0
2025-12-11T01:35:22.024618,0.125,0.875,1.0
2025-12-11T01:35:22.635295,0.13,0.865,0.995
2025-12-11T01:35:23.252095,0.135,0.865,1.0
2025-12-11T01:35:23.870203,0.145,0.855,1.0
2025-12-11T01:35:24.476619,0.155,0.845,1.0
2025-12-11T01:35:23.516276,0.155,0.845,1.0
2025-12-11T01:35:24.126786,0.165,0.835,1.0
2025-12-11T01:35:24.735951,0.165,0.835,1.0
2025-12-11T01:35:25.348205,0.165,0.835,1.0
2025-12-11T01:35:25.963049,0.17,0.83,1.0
2025-12-11T01:35:26.586729,0.165,0.835,1.0
2025-12-11T01:35:27.198355,0.16,0.84,1.0
2025-12-11T01:35:27.909111,0.17,0.83,1.0
2025-12-11T01:35:28.520107,0.175,0.825,1.0
2025-12-11T01:35:29.136945,0.175,0.825,1.0
2025-12-11T01:35:29.753522,0.185,0.815,1.0
2025-12-11T01:35:30.366661,0.195,0.805,1.0
2025-12-11T01:35:30.989737,0.225,0.775,1.0
2025-12-11T01:35:31.618947,0.225,0.775,1.0
2025-12-11T01:35:32.231860,0.235,0.765,1.0
2025-12-11T01:35:32.824289,0.235,0.765,1.0
2025-12-11T01:35:33.440408,0.23,0.77,1.0
2025-12-11T01:35:34.056090,0.235,0.765,1.0
2025-12-11T01:35:34.699268,0.245,0.755,1.0
2025-12-11T01:35:35.312790,0.245,0.755,1.0
2025-12-11T01:35:35.929431,0.245,0.755,1.0
2025-12-11T01:35:36.544359,0.235,0.765,1.0
2025-12-11T01:35:37.153689,0.24,0.76,1.0
2025-12-11T01:35:37.768016,0.23,0.77,1.0
2025-12-11T01:35:38.379636,0.235,0.765,1.0
2025-12-11T01:35:38.993838,0.235,0.765,1.0
2025-12-11T01:35:39.603501,0.235,0.765,1.0
2025-12-11T01:35:40.216126,0.235,0.76,0.995
2025-12-11T01:35:40.815923,0.235,0.765,1.0
2025-12-11T01:35:41.420453,0.24,0.76,1.0
2025-12-11T01:35:42.017909,0.24,0.76,1.0
2025-12-11T01:35:42.625657,0.24,0.76,1.0
2025-12-11T01:35:43.234650,0.245,0.755,1.0
2025-12-11T01:35:43.834244,0.28,0.72,1.0
2025-12-11T01:35:44.440965,0.315,0.685,1.0
2025-12-11T01:35:45.039305,0.325,0.675,1.0
2025-12-11T01:35:45.649378,0.325,0.675,1.0
2025-12-11T01:35:46.281929,0.315,0.685,1.0
2025-12-11T01:35:46.878615,0.295,0.705,1.0
2025-12-11T01:35:47.486898,0.285,0.715,1.0
2025-12-11T01:35:48.089499,0.285,0.715,1.0
2025-12-11T01:35:48.699806,0.285,0.715,1.0
2025-12-11T01:35:49.315599,0.335,0.665,1.0
2025-12-11T01:35:49.930802,0.365,0.635,1.0
2025-12-11T01:35:50.547491,0.385,0.61,0.995
2025-12-11T01:35:51.170885,0.395,0.605,1.0
2025-12-11T01:35:51.787908,0.395,0.605,1.0
2025-12-11T01:35:52.402951,0.415,0.585,1.0
2025-12-11T01:35:53.010062,0.42,0.575,0.9949999999999999
2025-12-11T01:35:53.625372,0.425,0.575,1.0
2025-12-11T01:35:54.242343,0.425,0.57,0.9949999999999999
2025-12-11T01:35:54.858776,0.435,0.565,1.0
2025-12-11T01:35:53.892455,0.445,0.555,1.0
2025-12-11T01:35:54.501985,0.445,0.555,1.0
2025-12-11T01:35:55.111187,0.445,0.555,1.0
2025-12-11T01:35:55.722103,0.445,0.565,1.01
2025-12-11T01:35:56.338223,0.445,0.555,1.0
2025-12-11T01:35:56.953563,0.45,0.555,1.0050000000000001
2025-12-11T01:35:57.572427,0.455,0.545,1.0
2025-12-11T01:35:58.181031,0.425,0.575,1.0
2025-12-11T01:35:58.794104,0.41,0.59,1.0
2025-12-11T01:35:59.397626,0.405,0.605,1.01
2025-12-11T01:36:00.016033,0.4,0.595,0.995
2025-12-11T01:36:00.629120,0.395,0.605,1.0
2025-12-11T01:36:01.255155,0.39,0.615,1.005
2025-12-11T01:36:01.874066,0.38,0.625,1.005
2025-12-11T01:36:02.504714,0.375,0.625,1.0
2025-12-11T01:36:03.124279,0.42,0.57,0.99
2025-12-11T01:36:03.740017,0.435,0.565,1.0
2025-12-11T01:36:04.347341,0.445,0.555,1.0
2025-12-11T01:36:04.959257,0.435,0.565,1.0
2025-12-11T01:36:05.576139,0.415,0.585,1.0
2025-12-11T01:36:06.190224,0.415,0.585,1.0
2025-12-11T01:36:06.812983,0.415,0.585,1.0
2025-12-11T01:36:07.421774,0.405,0.595,1.0
2025-12-11T01:36:08.035703,0.395,0.605,1.0
2025-12-11T01:36:08.647399,0.385,0.615,1.0
2025-12-11T01:36:09.258045,0.395,0.605,1.0
2025-12-11T01:36:09.870551,0.395,0.605,1.0
2025-12-11T01:36:10.481551,0.385,0.615,1.0
2025-12-11T01:36:11.096900,0.365,0.635,1.0
2025-12-11T01:36:11.715841,0.375,0.625,1.0
2025-12-11T01:36:12.357069,0.395,0.605,1.0
2025-12-11T01:36:12.966481,0.42,0.575,0.9949999999999999
2025-12-11T01:36:13.582800,0.43,0.565,0.9949999999999999
2025-12-11T01:36:14.227115,0.455,0.545,1.0
2025-12-11T01:36:14.848527,0.465,0.535,1.0
2025-12-11T01:36:15.466606,0.475,0.525,1.0
2025-12-11T01:36:16.084600,0.495,0.505,1.0
2025-12-11T01:36:16.695748,0.51,0.485,0.995
2025-12-11T01:36:17.308435,0.515,0.485,1.0
2025-12-11T01:36:17.926645,0.525,0.475,1.0
2025-12-11T01:36:18.540885,0.535,0.465,1.0
2025-12-11T01:36:19.155127,0.535,0.5,1.0350000000000001
2025-12-11T01:36:19.877018,0.495,0.515,1.01
2025-12-11T01:36:20.496172,0.475,0.525,1.0
2025-12-11T01:36:21.109203,0.465,0.535,1.0
2025-12-11T01:36:21.727514,0.46,0.54,1.0
2025-12-11T01:36:22.340210,0.485,0.515,1.0
2025-12-11T01:36:22.950831,0.485,0.515,1.0
2025-12-11T01:36:23.564039,0.485,0.515,1.0
2025-12-11T01:36:24.173246,0.47,0.53,1.0
2025-12-11T01:36:24.783746,0.475,0.525,1.0
2025-12-11T01:36:25.393291,0.465,0.535,1.0
2025-12-11T01:36:26.005406,0.455,0.545,1.0
2025-12-11T01:36:25.021180,0.455,0.545,1.0
2025-12-11T01:36:25.642033,0.455,0.545,1.0
2025-12-11T01:36:26.266522,0.455,0.545,1.0
2025-12-11T01:36:26.872917,0.45,0.55,1.0
2025-12-11T01:36:27.483987,0.445,0.555,1.0
2025-12-11T01:36:28.103189,0.435,0.565,1.0
2025-12-11T01:36:28.717730,0.425,0.575,1.0
2025-12-11T01:36:29.333248,0.415,0.585,1.0
2025-12-11T01:36:29.949783,0.425,0.575,1.0
2025-12-11T01:36:30.572316,0.425,0.585,1.01
2025-12-11T01:36:31.192774,0.335,0.665,1.0
2025-12-11T01:36:31.804223,0.325,0.68,1.0050000000000001
2025-12-11T01:36:32.416961,0.33,0.67,1.0
2025-12-11T01:36:33.030414,0.335,0.665,1.0
2025-12-11T01:36:33.641546,0.345,0.655,1.0
2025-12-11T01:36:34.257609,0.345,0.655,1.0
2025-12-11T01:36:34.867589,0.345,0.655,1.0
2025-12-11T01:36:35.483510,0.345,0.655,1.0
2025-12-11T01:36:36.103782,0.34,0.665,1.0050000000000001
2025-12-11T01:36:36.719183,0.325,0.675,1.0
2025-12-11T01:36:37.334044,0.32,0.675,0.9950000000000001
2025-12-11T01:36:37.948484,0.325,0.675,1.0
2025-12-11T01:36:38.557251,0.325,0.675,1.0
2025-12-11T01:36:39.172318,0.325,0.675,1.0
2025-12-11T01:36:39.786533,0.295,0.705,1.0
2025-12-11T01:36:40.398242,0.295,0.705,1.0
2025-12-11T01:36:41.010082,0.325,0.67,0.9950000000000001
2025-12-11T01:36:41.625540,0.33,0.67,1.0
2025-12-11T01:36:42.243435,0.315,0.685,1.0
2025-12-11T01:36:42.856539,0.315,0.685,1.0
2025-12-11T01:36:43.472848,0.33,0.67,1.0
2025-12-11T01:36:44.096460,0.34,0.66,1.0
2025-12-11T01:36:44.710473,0.335,0.665,1.0
2025-12-11T01:36:45.328940,0.335,0.665,1.0
2025-12-11T01:36:45.941161,0.34,0.66,1.0
2025-12-11T01:36:46.550908,0.34,0.66,1.0
2025-12-11T01:36:47.161879,0.34,0.66,1.0
2025-12-11T01:36:47.775677,0.34,0.66,1.0
2025-12-11T01:36:48.389740,0.34,0.66,1.0
2025-12-11T01:36:49.008536,0.335,0.665,1.0
2025-12-11T01:36:49.616943,0.335,0.665,1.0
2025-12-11T01:36:50.238568,0.33,0.67,1.0
2025-12-11T01:36:50.860278,0.335,0.665,1.0
2025-12-11T01:36:51.504759,0.335,0.665,1.0
2025-12-11T01:36:52.119858,0.345,0.655,1.0
2025-12-11T01:36:52.732998,0.355,0.645,1.0
2025-12-11T01:36:53.341414,0.355,0.645,1.0
2025-12-11T01:36:53.959544,0.365,0.635,1.0
2025-12-11T01:36:54.560153,0.385,0.615,1.0
2025-12-11T01:36:55.186471,0.385,0.615,1.0
2025-12-11T01:36:55.868339,0.375,0.625,1.0
2025-12-11T01:36:56.488084,0.34,0.665,1.0050000000000001
2025-12-11T01:36:55.527175,0.335,0.67,1.0050000000000001
2025-12-11T01:36:56.124575,0.33,0.675,1.0050000000000001
2025-12-11T01:36:56.741555,0.325,0.675,1.0
2025-12-11T01:36:57.367641,0.325,0.675,1.0
2025-12-11T01:36:57.978597,0.34,0.66,1.0
2025-12-11T01:36:58.593654,0.34,0.66,1.0
2025-12-11T01:36:59.206975,0.345,0.655,1.0
2025-12-11T01:36:59.817550,0.345,0.655,1.0
2025-12-11T01:37:00.426423,0.345,0.655,1.0
2025-12-11T01:37:01.036579,0.345,0.655,1.0
2025-12-11T01:37:01.655302,0.35,0.65,1.0
2025-12-11T01:37:02.268065,0.35,0.65,1.0
2025-12-11T01:37:02.879257,0.335,0.665,1.0
2025-12-11T01:37:03.496781,0.335,0.665,1.0
2025-12-11T01:37:04.103419,0.335,0.665,1.0
2025-12-11T01:37:04.712011,0.335,0.665,1.0
2025-12-11T01:37:05.337457,0.315,0.69,1.005
2025-12-11T01:37:06.008339,0.305,0.695,1.0
2025-12-11T01:37:06.619185,0.295,0.705,1.0
2025-12-11T01:37:07.233275,0.295,0.72,1.015
2025-12-11T01:37:07.845049,0.275,0.725,1.0
2025-12-11T01:37:08.466769,0.255,0.745,1.0
2025-12-11T01:37:09.088244,0.255,0.745,1.0
2025-12-11T01:37:09.699840,0.26,0.74,1.0
2025-12-11T01:37:10.310142,0.255,0.745,1.0
2025-12-11T01:37:10.921603,0.255,0.745,1.0
2025-12-11T01:37:11.539702,0.225,0.775,1.0
2025-12-11T01:37:12.142131,0.215,0.785,1.0
2025-12-11T01:37:12.751287,0.235,0.75,0.985
2025-12-11T01:37:13.376296,0.27,0.73,1.0
2025-12-11T01:37:13.996321,0.275,0.725,1.0
2025-12-11T01:37:14.601921,0.275,0.725,1.0
2025-12-11T01:37:15.216013,0.275,0.725,1.0
2025-12-11T01:37:15.826269,0.275,0.725,1.0
2025-12-11T01:37:16.447142,0.245,0.755,1.0
2025-12-11T01:37:17.066124,0.25,0.75,1.0
2025-12-11T01:37:17.680312,0.25,0.75,1.0
2025-12-11T01:37:18.300895,0.25,0.75,1.0
2025-12-11T01:37:18.925500,0.265,0.735,1.0
2025-12-11T01:37:19.533582,0.27,0.73,1.0
2025-12-11T01:37:20.132060,0.255,0.745,1.0
2025-12-11T01:37:20.743458,0.245,0.755,1.0
2025-12-11T01:37:21.363924,0.25,0.75,1.0
2025-12-11T01:37:21.964777,0.25,0.75,1.0
2025-12-11T01:37:22.581355,0.24,0.765,1.005
2025-12-11T01:37:23.191944,0.25,0.75,1.0
2025-12-11T01:37:23.820010,0.235,0.765,1.0
2025-12-11T01:37:24.437196,0.225,0.775,1.0
2025-12-11T01:37:25.035984,0.225,0.785,1.01
2025-12-11T01:37:25.649555,0.215,0.785,1.0
2025-12-11T01:37:26.262534,0.21,0.79,1.0
2025-12-11T01:37:26.870484,0.205,0.795,1.0
2025-12-11T01:37:25.912426,0.205,0.795,1.0
2025-12-11T01:37:26.515156,0.205,0.795,1.0
2025-12-11T01:37:27.122417,0.2,0.805,1.0050000000000001
2025-12-11T01:37:27.718554,0.215,0.785,1.0
2025-12-11T01:37:28.321328,0.215,0.785,1.0
2025-12-11T01:37:28.923890,0.215,0.785,1.0
2025-12-11T01:37:29.532903,0.215,0.785,1.0
2025-12-11T01:37:30.130003,0.215,0.785,1.0
2025-12-11T01:37:30.731595,0.215,0.785,1.0
2025-12-11T01:37:31.338851,0.215,0.785,1.0
2025-12-11T01:37:31.941357,0.215,0.785,1.0
2025-12-11T01:37:32.556524,0.2,0.8,1.0
2025-12-11T01:37:33.166092,0.2,0.8,1.0
2025-12-11T01:37:33.765368,0.205,0.795,1.0
2025-12-11T01:37:34.371077,0.205,0.795,1.0
2025-12-11T01:37:34.978397,0.205,0.795,1.0
2025-12-11T01:37:35.591162,0.205,0.795,1.0
2025-12-11T01:37:36.194328,0.205,0.795,1.0
2025-12-11T01:37:36.803369,0.205,0.795,1.0
2025-12-11T01:37:37.425015,0.205,0.795,1.0
2025-12-11T01:37:38.023247,0.21,0.79,1.0
2025-12-11T01:37:38.635089,0.205,0.795,1.0
2025-12-11T01:37:39.257660,0.2,0.8,1.0
2025-12-11T01:37:39.885521,0.2,0.8,1.0
2025-12-11T01:37:40.494628,0.2,0.8,1.0
2025-12-11T01:37:41.106933,0.195,0.815,1.01
2025-12-11T01:37:41.719289,0.19,0.81,1.0
2025-12-11T01:37:42.337208,0.195,0.805,1.0
2025-12-11T01:37:42.949031,0.175,0.825,1.0
2025-12-11T01:37:43.573274,0.185,0.815,1.0
2025-12-11T01:37:44.183283,0.18,0.82,1.0
2025-12-11T01:37:44.797012,0.18,0.82,1.0
2025-12-11T01:37:45.411854,0.18,0.82,1.0
2025-12-11T01:37:46.035501,0.18,0.82,1.0
2025-12-11T01:37:46.638155,0.165,0.835,1.0
2025-12-11T01:37:47.249054,0.165,0.835,1.0
2025-12-11T01:37:47.859840,0.165,0.835,1.0
2025-12-11T01:37:48.468392,0.165,0.835,1.0
2025-12-11T01:37:49.086685,0.155,0.845,1.0
2025-12-11T01:37:49.695335,0.145,0.855,1.0
2025-12-11T01:37:50.305591,0.145,0.855,1.0
2025-12-11T01:37:50.926687,0.145,0.85,0.995
2025-12-11T01:37:51.537189,0.145,0.855,1.0
2025-12-11T01:37:52.161010,0.145,0.85,0.995
2025-12-11T01:37:52.775056,0.15,0.855,1.005
2025-12-11T01:37:53.384036,0.135,0.865,1.0
2025-12-11T01:37:53.997493,0.135,0.865,1.0
2025-12-11T01:37:54.595657,0.135,0.865,1.0
2025-12-11T01:37:55.206902,0.15,0.845,0.995
2025-12-11T01:37:55.831302,0.155,0.845,1.0
2025-12-11T01:37:56.451170,0.165,0.835,1.0
2025-12-11T01:37:57.095473,0.165,0.835,1.0
2025-12-11T01:37:57.710541,0.18,0.82,1.0
2025-12-11T01:37:56.759257,0.185,0.815,1.0
2025-12-11T01:37:57.365864,0.18,0.82,1.0
2025-12-11T01:37:57.987517,0.185,0.815,1.0
2025-12-11T01:37:58.605995,0.19,0.81,1.0
2025-12-11T01:37:59.221061,0.195,0.805,1.0
2025-12-11T01:37:59.834560,0.205,0.795,1.0
2025-12-11T01:38:00.453033,0.225,0.775,1.0
2025-12-11T01:38:01.055150,0.22,0.78,1.0
2025-12-11T01:38:01.668740,0.215,0.785,1.0
2025-12-11T01:38:02.281386,0.215,0.795,1.01
2025-12-11T01:38:02.893862,0.215,0.785,1.0
2025-12-11T01:38:03.507249,0.215,0.785,1.0
2025-12-11T01:38:04.118524,0.215,0.785,1.0
2025-12-11T01:38:04.727176,0.215,0.78,0.995
2025-12-11T01:38:05.348517,0.225,0.775,1.0
2025-12-11T01:38:05.961236,0.225,0.775,1.0
2025-12-11T01:38:06.591466,0.225,0.775,1.0
2025-12-11T01:38:07.209963,0.225,0.775,1.0
2025-12-11T01:38:07.822982,0.21,0.79,1.0
2025-12-11T01:38:08.437929,0.22,0.78,1.0
2025-12-11T01:38:09.035805,0.22,0.78,1.0
2025-12-11T01:38:09.648899,0.205,0.795,1.0
2025-12-11T01:38:10.262566,0.185,0.82,1.005
2025-12-11T01:38:10.871745,0.175,0.825,1.0
2025-12-11T01:38:11.479491,0.155,0.845,1.0
2025-12-11T01:38:12.092763,0.155,0.845,1.0
2025-12-11T01:38:12.705044,0.145,0.855,1.0
2025-12-11T01:38:13.315737,0.145,0.855,1.0
2025-12-11T01:38:13.936129,0.145,0.855,1.0
2025-12-11T01:38:14.545802,0.135,0.865,1.0
2025-12-11T01:38:15.153203,0.135,0.865,1.0
2025-12-11T01:38:15.764128,0.115,0.885,1.0
2025-12-11T01:38:16.397641,0.115,0.885,1.0
2025-12-11T01:38:17.000952,0.115,0.885,1.0
2025-12-11T01:38:17.621576,0.115,0.885,1.0
2025-12-11T01:38:18.236244,0.115,0.885,1.0
2025-12-11T01:38:18.846352,0.115,0.885,1.0
2025-12-11T01:38:19.461930,0.12,0.88,1.0
2025-12-11T01:38:20.077595,0.115,0.885,1.0
2025-12-11T01:38:20.687603,0.115,0.885,1.0
2025-12-11T01:38:21.300913,0.105,0.895,1.0
2025-12-11T01:38:21.907474,0.095,0.905,1.0
2025-12-11T01:38:22.532678,0.1,0.9,1.0
2025-12-11T01:38:23.146251,0.095,0.905,1.0
2025-12-11T01:38:23.770697,0.085,0.915,1.0
2025-12-11T01:38:24.396481,0.085,0.915,1.0
2025-12-11T01:38:25.010784,0.085,0.915,1.0
2025-12-11T01:38:25.633216,0.075,0.925,1.0
2025-12-11T01:38:26.251008,0.075,0.925,1.0
2025-12-11T01:38:26.866950,0.075,0.925,1.0
2025-12-11T01:38:27.487100,0.075,0.925,1.0
2025-12-11T01:38:28.099443,0.065,0.93,0.9950000000000001
2025-12-11T01:38:27.134507,0.065,0.935,1.0
2025-12-11T01:38:27.746664,0.065,0.935,1.0
2025-12-11T01:38:28.357530,0.055,0.945,1.0
2025-12-11T01:38:28.968586,0.055,0.945,1.0
2025-12-11T01:38:29.576112,0.055,0.945,1.0
2025-12-11T01:38:30.188638,0.055,0.945,1.0
2025-12-11T01:38:30.801785,0.055,0.945,1.0
2025-12-11T01:38:31.403355,0.055,0.945,1.0
2025-12-11T01:38:32.012742,0.055,0.945,1.0
2025-12-11T01:38:32.623449,0.06,0.94,1.0
2025-12-11T01:38:33.235370,0.065,0.935,1.0
2025-12-11T01:38:33.847062,0.065,0.935,1.0
2025-12-11T01:38:34.458223,0.06,0.94,1.0
2025-12-11T01:38:35.069166,0.055,0.945,1.0
2025-12-11T01:38:35.685747,0.055,0.945,1.0
2025-12-11T01:38:36.318532,0.055,0.945,1.0
2025-12-11T01:38:36.926893,0.05,0.95,1.0
2025-12-11T01:38:37.540066,0.055,0.945,1.0
2025-12-11T01:38:38.158626,0.055,0.945,1.0
2025-12-11T01:38:38.775577,0.045,0.955,1.0
2025-12-11T01:38:39.376864,0.045,0.955,1.0
2025-12-11T01:38:40.000901,0.045,0.955,1.0
2025-12-11T01:38:40.609274,0.045,0.955,1.0
2025-12-11T01:38:41.218414,0.055,0.945,1.0
2025-12-11T01:38:41.816276,0.035,0.965,1.0
2025-12-11T01:38:42.439469,0.035,0.965,1.0
2025-12-11T01:38:43.049461,0.04,0.96,1.0
2025-12-11T01:38:43.664773,0.04,0.96,1.0
2025-12-11T01:38:44.288568,0.035,0.965,1.0
2025-12-11T01:38:44.918145,0.035,0.965,1.0
2025-12-11T01:38:45.529901,0.035,0.965,1.0
2025-12-11T01:38:46.141747,0.035,0.965,1.0
2025-12-11T01:38:46.755390,0.035,0.965,1.0
2025-12-11T01:38:47.370437,0.035,0.965,1.0
2025-12-11T01:38:47.978804,0.035,0.965,1.0
2025-12-11T01:38:48.580800,0.035,0.965,1.0
2025-12-11T01:38:49.191883,0.035,0.965,1.0
2025-12-11T01:38:49.795131,0.035,0.965,1.0
2025-12-11T01:38:50.398474,0.035,0.965,1.0
2025-12-11T01:38:51.006843,0.035,0.965,1.0
2025-12-11T01:38:51.614702,0.045,0.955,1.0
2025-12-11T01:38:52.224746,0.055,0.945,1.0
2025-12-11T01:38:52.825450,0.055,0.945,1.0
2025-12-11T01:38:53.431833,0.045,0.955,1.0
2025-12-11T01:38:54.037711,0.045,0.955,1.0
2025-12-11T01:38:54.636771,0.045,0.955,1.0
2025-12-11T01:38:55.238668,0.045,0.955,1.0
2025-12-11T01:38:55.843192,0.04,0.96,1.0
2025-12-11T01:38:56.452691,0.04,0.96,1.0
2025-12-11T01:38:57.053593,0.035,0.965,1.0
2025-12-11T01:38:57.655307,0.035,0.965,1.0
2025-12-11T01:38:58.261735,0.035,0.965,1.0
2025-12-11T01:38:58.866377,0.04,0.96,1.0
2025-12-11T01:38:57.892550,0.035,0.965,1.0
2025-12-11T01:38:58.519433,0.035,0.965,1.0
2025-12-11T01:38:59.137061,0.035,0.965,1.0
2025-12-11T01:38:59.741593,0.035,0.965,1.0
2025-12-11T01:39:00.349184,0.035,0.965,1.0
2025-12-11T01:39:00.954983,0.035,0.965,1.0
2025-12-11T01:39:01.558682,0.03,0.97,1.0
2025-12-11T01:39:02.163515,0.03,0.975,1.005
2025-12-11T01:39:02.778712,0.025,0.975,1.0
2025-12-11T01:39:03.408903,0.025,0.97,0.995
2025-12-11T01:39:04.016085,0.03,0.97,1.0
2025-12-11T01:39:04.632978,0.025,0.975,1.0
2025-12-11T01:39:05.264760,0.025,0.975,1.0
2025-12-11T01:39:05.875812,0.025,0.975,1.0
2025-12-11T01:39:06.478239,0.025,0.975,1.0
2025-12-11T01:39:07.093725,0.025,0.975,1.0
2025-12-11T01:39:07.706795,0.025,0.975,1.0
2025-12-11T01:39:08.306697,0.025,0.975,1.0
2025-12-11T01:39:08.912920,0.03,0.97,1.0
2025-12-11T01:39:09.521021,0.035,0.965,1.0
2025-12-11T01:39:10.124908,0.03,0.97,1.0
2025-12-11T01:39:10.741944,0.025,0.975,1.0
2025-12-11T01:39:11.343775,0.025,0.975,1.0
2025-12-11T01:39:11.957154,0.025,0.975,1.0
2025-12-11T01:39:12.563762,0.025,0.975,1.0
2025-12-11T01:39:13.186433,0.025,0.975,1.0
2025-12-11T01:39:13.807405,0.025,0.975,1.0
2025-12-11T01:39:14.429724,0.03,0.97,1.0
2025-12-11T01:39:15.049635,0.035,0.965,1.0
2025-12-11T01:39:15.653501,0.035,0.965,1.0
2025-12-11T01:39:16.251652,0.035,0.965,1.0
2025-12-11T01:39:16.852371,0.035,0.965,1.0
2025-12-11T01:39:17.447831,0.035,0.965,1.0
2025-12-11T01:39:18.061547,0.035,0.965,1.0
2025-12-11T01:39:18.673555,0.035,0.965,1.0
2025-12-11T01:39:19.299223,0.035,0.965,1.0
2025-12-11T01:39:19.901180,0.035,0.965,1.0
2025-12-11T01:39:20.510730,0.03,0.975,1.005
2025-12-11T01:39:21.125784,0.025,0.975,1.0
2025-12-11T01:39:21.738390,0.025,0.975,1.0
2025-12-11T01:39:22.337987,0.025,0.975,1.0
2025-12-11T01:39:22.943154,0.02,0.98,1.0
2025-12-11T01:39:23.549021,0.015,0.985,1.0
2025-12-11T01:39:24.177060,0.025,0.975,1.0
2025-12-11T01:39:24.791838,0.025,0.975,1.0
2025-12-11T01:39:25.405204,0.025,0.975,1.0
2025-12-11T01:39:26.016959,0.025,0.975,1.0
2025-12-11T01:39:26.640981,0.025,0.975,1.0
2025-12-11T01:39:27.258247,0.025,0.975,1.0
2025-12-11T01:39:27.853896,0.025,0.975,1.0
2025-12-11T01:39:28.465546,0.025,0.975,1.0
2025-12-11T01:39:29.074176,0.025,0.975,1.0
2025-12-11T01:39:29.690176,0.025,0.975,1.0
2025-12-11T01:39:28.736346,0.025,0.975,1.0
2025-12-11T01:39:29.345974,0.025,0.975,1.0
2025-12-11T01:39:29.958829,0.025,0.975,1.0
2025-12-11T01:39:30.575442,0.025,0.975,1.0
2025-12-11T01:39:31.185495,0.025,0.975,1.0
2025-12-11T01:39:31.797919,0.025,0.975,1.0
2025-12-11T01:39:32.406816,0.025,0.975,1.0
2025-12-11T01:39:33.028428,0.025,0.975,1.0
2025-12-11T01:39:33.682354,0.025,0.975,1.0
2025-12-11T01:39:34.294353,0.025,0.975,1.0
2025-12-11T01:39:34.909772,0.025,0.975,1.0
2025-12-11T01:39:35.526427,0.025,0.975,1.0
2025-12-11T01:39:36.138087,0.025,0.975,1.0
2025-12-11T01:39:36.732393,0.025,0.975,1.0
2025-12-11T01:39:37.348651,0.025,0.975,1.0
2025-12-11T01:39:37.964254,0.025,0.975,1.0
2025-12-11T01:39:38.580131,0.025,0.975,1.0
2025-12-11T01:39:39.192682,0.025,0.975,1.0
2025-12-11T01:39:39.803986,0.025,0.975,1.0
2025-12-11T01:39:40.416987,0.025,0.975,1.0
2025-12-11T01:39:41.029959,0.025,0.975,1.0
2025-12-11T01:39:41.641195,0.015,0.985,1.0
2025-12-11T01:39:42.251356,0.015,0.985,1.0
2025-12-11T01:39:42.859110,0.015,0.985,1.0
2025-12-11T01:39:43.469487,0.015,0.985,1.0
2025-12-11T01:39:44.080192,0.015,0.985,1.0
2025-12-11T01:39:44.689835,0.015,0.985,1.0
2025-12-11T01:39:45.304621,0.015,0.985,1.0
2025-12-11T01:39:45.913050,0.015,0.985,1.0
2025-12-11T01:39:46.528897,0.015,0.985,1.0
2025-12-11T01:39:47.144907,0.015,0.985,1.0
2025-12-11T01:39:47.759485,0.015,0.985,1.0
2025-12-11T01:39:48.371418,0.015,0.985,1.0
2025-12-11T01:39:49.031496,0.015,0.985,1.0
2025-12-11T01:39:49.645329,0.01,0.99,1.0
2025-12-11T01:39:50.251418,0.015,0.985,1.0
2025-12-11T01:39:50.858791,0.015,0.985,1.0
2025-12-11T01:39:51.469989,0.015,0.985,1.0
2025-12-11T01:39:52.119331,0.015,0.985,1.0
2025-12-11T01:39:52.731910,0.015,0.985,1.0
2025-12-11T01:39:53.342691,0.015,0.985,1.0
2025-12-11T01:39:53.955969,0.015,0.985,1.0
2025-12-11T01:39:54.569985,0.015,0.985,1.0
2025-12-11T01:39:55.181639,0.015,0.985,1.0
2025-12-11T01:39:55.793765,0.015,0.985,1.0
2025-12-11T01:39:56.410310,0.015,0.985,1.0
2025-12-11T01:39:57.022376,0.015,0.985,1.0
2025-12-11T01:39:57.638530,0.015,0.985,1.0
2025-12-11T01:39:58.243704,0.015,0.985,1.0
2025-12-11T01:39:58.854150,0.015,0.985,1.0
2025-12-11T01:39:59.462169,0.015,0.985,1.0
2025-12-11T01:40:00.089568,0.015,0.985,1.0
2025-12-11T01:40:00.701557,0.015,0.985,1.0
2025-12-11T01:39:59.751653,0.015,0.985,1.0
2025-12-11T01:40:00.372790,0.015,0.985,1.0
2025-12-11T01:40:00.986419,0.015,0.985,1.0
2025-12-11T01:40:01.600651,0.015,0.985,1.0
2025-12-11T01:40:02.209547,0.005,0.995,1.0
2025-12-11T01:40:02.820692,0.005,0.995,1.0
2025-12-11T01:40:03.436302,0.005,0.995,1.0
2025-12-11T01:40:04.066724,0.005,0.995,1.0
2025-12-11T01:40:04.678629,0.005,0.995,1.0
2025-12-11T01:40:05.296528,0.005,0.995,1.0
2025-12-11T01:40:05.914362,0.005,0.995,1.0
2025-12-11T01:40:06.521871,0.005,0.995,1.0
2025-12-11T01:40:07.138813,0.005,0.995,1.0
2025-12-11T01:40:07.749936,0.005,0.995,1.0
2025-12-11T01:40:08.360556,0.005,0.995,1.0
2025-12-11T01:40:08.974591,0.005,0.995,1.0
2025-12-11T01:40:09.597587,0.005,0.995,1.0
2025-12-11T01:40:10.211658,0.005,0.995,1.0
2025-12-11T01:40:10.819521,0.005,0.995,1.0
2025-12-11T01:40:11.432817,0.005,0.995,1.0
2025-12-11T01:40:12.047621,0.005,0.995,1.0
2025-12-11T01:40:12.673177,0.005,0.995,1.0
2025-12-11T01:40:13.286057,0.005,0.995,1.0
2025-12-11T01:40:13.899868,0.005,0.995,1.0
2025-12-11T01:40:14.512776,0.005,0.995,1.0
2025-12-11T01:40:15.125376,0.005,0.995,1.0
2025-12-11T01:40:15.735941,0.005,0.995,1.0
2025-12-11T01:40:16.351788,0.005,0.995,1.0
2025-12-11T01:40:16.959696,0.005,0.995,1.0
2025-12-11T01:40:17.568030,0.005,0.995,1.0
2025-12-11T01:40:18.176377,0.005,0.995,1.0
2025-12-11T01:40:18.773950,0.005,0.995,1.0
2025-12-11T01:40:19.382273,0.005,0.995,1.0
2025-12-11T01:40:20.003239,0.005,0.995,1.0
2025-12-11T01:40:20.601427,0.005,0.995,1.0
2025-12-11T01:40:21.213697,0.005,0.995,1.0
2025-12-11T01:40:21.840371,0.005,0.995,1.0
2025-12-11T01:40:22.444075,0.005,0.995,1.0
2025-12-11T01:40:23.056721,0.005,0.995,1.0
2025-12-11T01:40:23.671356,0.005,0.995,1.0
2025-12-11T01:40:24.275031,0.005,0.995,1.0
2025-12-11T01:40:24.907487,0.005,0.995,1.0
2025-12-11T01:40:25.516441,0.005,0.995,1.0
2025-12-11T01:40:26.116875,0.005,0.995,1.0
2025-12-11T01:40:26.736306,0.005,0.995,1.0
2025-12-11T01:40:27.342362,0.005,0.995,1.0
2025-12-11T01:40:27.950882,0.005,0.995,1.0
2025-12-11T01:40:28.577607,0.005,0.995,1.0
2025-12-11T01:40:29.176014,0.005,0.995,1.0
2025-12-11T01:40:29.793734,0.005,0.995,1.0
2025-12-11T01:40:30.400676,0.005,0.995,1.0
2025-12-11T01:40:31.014815,0.005,0.995,1.0
2025-12-11T01:40:30.042833,0.005,0.995,1.0
2025-12-11T01:40:30.646925,0.005,0.995,1.0
2025-12-11T01:40:31.263561,0.005,0.995,1.0
2025-12-11T01:40:31.867448,0.005,0.995,1.0
2025-12-11T01:40:32.479171,0.015,0.985,1.0
2025-12-11T01:40:33.091982,0.025,0.975,1.0
2025-12-11T01:40:33.693400,0.025,0.975,1.0
2025-12-11T01:40:34.307220,0.025,0.975,1.0
2025-12-11T01:40:34.910806,0.025,0.975,1.0
2025-12-11T01:40:35.514417,0.025,0.975,1.0
2025-12-11T01:40:36.118190,0.025,0.975,1.0
2025-12-11T01:40:36.724012,0.025,0.975,1.0
2025-12-11T01:40:37.333733,0.025,0.975,1.0
2025-12-11T01:40:37.927237,0.035,0.965,1.0
2025-12-11T01:40:38.548815,0.035,0.965,1.0
2025-12-11T01:40:39.150926,0.035,0.965,1.0
2025-12-11T01:40:39.751397,0.025,0.975,1.0
2025-12-11T01:40:40.358274,0.025,0.975,1.0
2025-12-11T01:40:40.964886,0.025,0.975,1.0
2025-12-11T01:40:41.608028,0.02,0.98,1.0
2025-12-11T01:40:42.205483,0.02,0.98,1.0
2025-12-11T01:40:42.816361,0.02,0.98,1.0
2025-12-11T01:40:43.429054,0.02,0.98,1.0
2025-12-11T01:40:44.044734,0.02,0.98,1.0
2025-12-11T01:40:44.656449,0.02,0.98,1.0
2025-12-11T01:40:45.284184,0.015,0.985,1.0
2025-12-11T01:40:45.894786,0.015,0.985,1.0
2025-12-11T01:40:46.509735,0.015,0.985,1.0
2025-12-11T01:40:47.123709,0.015,0.985,1.0
2025-12-11T01:40:47.743878,0.015,0.985,1.0
2025-12-11T01:40:48.356264,0.015,0.985,1.0
2025-12-11T01:40:48.978472,0.01,0.99,1.0
2025-12-11T01:40:49.593655,0.015,0.985,1.0
2025-12-11T01:40:50.214567,0.015,0.985,1.0
2025-12-11T01:40:50.832637,0.015,0.985,1.0
2025-12-11T01:40:51.445886,0.015,0.985,1.0
2025-12-11T01:40:52.077209,0.015,0.985,1.0
2025-12-11T01:40:52.690993,0.015,0.985,1.0
2025-12-11T01:40:53.304124,0.015,0.985,1.0
2025-12-11T01:40:53.922139,0.015,0.985,1.0
2025-12-11T01:40:54.549401,0.015,0.985,1.0
2025-12-11T01:40:55.179134,0.015,0.985,1.0
2025-12-11T01:40:55.790900,0.015,0.985,1.0
2025-12-11T01:40:56.402269,0.015,0.985,1.0
2025-12-11T01:40:57.016065,0.015,0.985,1.0
2025-12-11T01:40:57.627404,0.015,0.985,1.0
2025-12-11T01:40:58.237266,0.015,0.985,1.0
2025-12-11T01:40:58.850109,0.015,0.985,1.0
2025-12-11T01:40:59.458864,0.015,0.985,1.0
2025-12-11T01:41:00.067706,0.015,0.985,1.0
2025-12-11T01:41:00.687988,0.015,0.985,1.0
2025-12-11T01:41:01.293249,0.015,0.985,1.0
2025-12-11T01:41:01.903536,0.015,0.985,1.0
2025-12-11T01:41:00.921055,0.015,0.985,1.0
2025-12-11T01:41:01.532349,0.005,0.995,1.0
2025-12-11T01:41:02.146647,0.005,0.995,1.0
2025-12-11T01:41:02.776241,0.005,0.995,1.0
2025-12-11T01:41:03.387455,0.005,0.995,1.0
2025-12-11T01:41:03.992867,0.005,0.995,1.0
2025-12-11T01:41:04.600041,0.005,0.995,1.0
2025-12-11T01:41:05.212016,0.005,0.995,1.0
2025-12-11T01:41:05.827268,0.005,0.995,1.0
2025-12-11T01:41:06.442423,0.005,0.995,1.0
2025-12-11T01:41:07.057833,0.005,0.995,1.0
2025-12-11T01:41:07.672903,0.015,0.985,1.0
2025-12-11T01:41:08.297156,0.015,0.985,1.0
2025-12-11T01:41:08.912476,0.015,0.985,1.0
2025-12-11T01:41:09.529294,0.015,0.985,1.0
2025-12-11T01:41:10.141370,0.015,0.985,1.0
2025-12-11T01:41:10.751848,0.015,0.985,1.0
2025-12-11T01:41:11.415462,0.01,0.985,0.995
2025-12-11T01:41:12.035661,0.005,0.995,1.0
2025-12-11T01:41:12.656023,0.005,0.99,0.995
2025-12-11T01:41:13.269754,0.005,0.995,1.0
2025-12-11T01:41:13.880956,0.005,0.995,1.0
2025-12-11T01:41:14.494104,0.005,0.995,1.0
2025-12-11T01:41:15.108895,0.005,0.995,1.0
2025-12-11T01:41:15.722426,0.005,0.995,1.0
2025-12-11T01:41:16.360872,0.005,0.995,1.0
2025-12-11T01:41:16.983207,0.005,0.995,1.0
2025-12-11T01:41:17.597298,0.005,0.995,1.0
2025-12-11T01:41:18.237322,0.005,0.995,1.0
2025-12-11T01:41:18.864071,0.005,0.995,1.0
2025-12-11T01:41:19.465720,0.005,0.995,1.0
2025-12-11T01:41:20.082271,0.005,0.995,1.0
2025-12-11T01:41:20.701226,0.005,0.995,1.0
2025-12-11T01:41:21.314166,0.005,0.995,1.0
2025-12-11T01:41:21.997775,0.005,0.995,1.0
2025-12-11T01:41:22.622987,0.005,0.995,1.0
2025-12-11T01:41:23.243556,0.005,0.995,1.0
2025-12-11T01:41:23.862021,0.005,0.995,1.0
2025-12-11T01:41:24.479490,0.005,0.995,1.0
2025-12-11T01:41:25.093308,0.005,0.995,1.0
2025-12-11T01:41:25.706628,0.005,0.995,1.0
2025-12-11T01:41:26.317383,0.005,0.995,1.0
2025-12-11T01:41:26.940229,0.005,0.995,1.0
2025-12-11T01:41:27.561172,0.005,0.995,1.0
2025-12-11T01:41:28.187471,0.005,0.995,1.0
2025-12-11T01:41:28.799481,0.005,0.995,1.0
2025-12-11T01:41:29.421293,0.005,0.995,1.0
2025-12-11T01:41:30.041767,0.005,0.995,1.0
2025-12-11T01:41:30.655073,0.005,0.995,1.0
2025-12-11T01:41:31.269381,0.005,0.995,1.0
2025-12-11T01:41:31.885839,0.005,0.995,1.0
2025-12-11T01:41:32.498633,0.005,0.995,1.0
2025-12-11T01:41:31.526409,0.005,0.995,1.0
2025-12-11T01:41:32.137750,0.005,0.995,1.0
2025-12-11T01:41:32.750853,0.005,0.995,1.0
2025-12-11T01:41:33.359871,0.005,0.995,1.0
2025-12-11T01:41:33.962800,0.005,0.995,1.0
2025-12-11T01:41:34.570689,0.005,0.995,1.0
2025-12-11T01:41:35.175757,0.005,0.995,1.0
2025-12-11T01:41:35.785333,0.005,0.995,1.0
2025-12-11T01:41:36.393494,0.005,0.995,1.0
2025-12-11T01:41:37.002556,0.005,0.995,1.0
2025-12-11T01:41:37.618893,0.005,0.995,1.0
2025-12-11T01:41:38.235058,0.005,0.995,1.0
2025-12-11T01:41:38.846440,0.005,0.995,1.0
2025-12-11T01:41:39.460054,0.005,0.995,1.0
2025-12-11T01:41:40.074823,0.005,0.995,1.0
2025-12-11T01:41:40.699154,0.005,0.995,1.0
2025-12-11T01:41:41.309445,0.005,0.995,1.0
2025-12-11T01:41:41.914091,0.005,0.995,1.0
2025-12-11T01:41:42.526811,0.005,0.995,1.0
2025-12-11T01:41:43.147928,0.005,0.995,1.0
2025-12-11T01:41:43.744939,0.005,0.995,1.0
2025-12-11T01:41:44.355824,0.005,0.995,1.0
2025-12-11T01:41:44.977514,0.005,0.995,1.0
2025-12-11T01:41:45.621985,0.005,0.995,1.0
2025-12-11T01:41:46.244640,0.005,0.995,1.0
2025-12-11T01:41:46.855812,0.005,0.995,1.0
2025-12-11T01:41:47.471233,0.005,0.995,1.0
2025-12-11T01:41:48.085093,0.005,0.995,1.0
2025-12-11T01:41:48.697684,0.005,0.995,1.0
2025-12-11T01:41:49.317304,0.005,0.995,1.0
2025-12-11T01:41:49.919869,0.005,0.995,1.0
2025-12-11T01:41:50.536035,0.005,0.995,1.0
2025-12-11T01:41:51.148687,0.005,0.995,1.0
2025-12-11T01:41:51.753886,0.005,0.995,1.0
2025-12-11T01:41:52.370207,0.005,0.995,1.0
2025-12-11T01:41:52.989179,0.005,0.995,1.0
2025-12-11T01:41:53.611903,0.005,0.995,1.0
2025-12-11T01:41:54.225071,0.005,0.995,1.0
2025-12-11T01:41:54.831535,0.005,0.995,1.0
2025-12-11T01:41:55.452234,0.005,0.995,1.0
2025-12-11T01:41:56.069649,0.005,0.995,1.0
2025-12-11T01:41:56.687160,0.005,0.995,1.0
2025-12-11T01:41:57.316774,0.005,0.995,1.0
2025-12-11T01:41:57.923311,0.005,0.995,1.0
2025-12-11T01:41:58.538806,0.005,0.995,1.0
2025-12-11T01:41:59.157359,0.005,0.995,1.0
2025-12-11T01:41:59.774987,0.005,0.995,1.0
2025-12-11T01:42:00.391452,0.005,0.995,1.0
2025-12-11T01:42:01.018274,0.005,0.995,1.0
2025-12-11T01:42:01.631416,0.005,0.995,1.0
2025-12-11T01:42:02.251643,0.005,0.995,1.0
2025-12-11T01:42:02.881948,0.005,0.995,1.0
2025-12-11T01:42:01.885352,0.005,0.995,1.0
2025-12-11T01:42:02.503652,0.005,0.995,1.0
2025-12-11T01:42:03.122885,0.005,0.995,1.0
2025-12-11T01:42:03.756346,0.005,0.995,1.0
2025-12-11T01:42:04.364594,0.005,0.995,1.0
2025-12-11T01:42:04.988569,0.005,0.995,1.0
2025-12-11T01:42:05.601624,0.005,0.995,1.0
2025-12-11T01:42:06.214426,0.005,0.995,1.0
2025-12-11T01:42:06.847580,0.005,0.995,1.0
2025-12-11T01:42:07.465879,0.005,0.995,1.0
2025-12-11T01:42:08.086176,0.005,0.995,1.0
2025-12-11T01:42:08.700931,0.005,0.995,1.0
2025-12-11T01:42:09.313345,0.005,0.995,1.0
2025-12-11T01:42:09.926804,0.005,0.995,1.0
2025-12-11T01:42:10.538668,0.005,0.995,1.0
2025-12-11T01:42:11.158031,0.005,0.995,1.0
2025-12-11T01:42:11.772703,0.005,0.995,1.0
2025-12-11T01:42:12.384607,0.005,0.995,1.0
2025-12-11T01:42:12.998495,0.005,0.995,1.0
2025-12-11T01:42:13.611413,0.005,0.995,1.0
2025-12-11T01:42:14.218534,0.005,0.995,1.0
2025-12-11T01:42:14.831930,0.005,0.995,1.0
2025-12-11T01:42:15.450557,0.005,0.995,1.0
2025-12-11T01:42:16.063482,0.005,0.995,1.0
2025-12-11T01:42:16.679873,0.005,0.995,1.0
2025-12-11T01:42:17.292447,0.005,0.995,1.0
2025-12-11T01:42:17.906546,0.005,0.995,1.0
2025-12-11T01:42:18.528626,0.005,0.995,1.0
2025-12-11T01:42:19.141439,0.005,0.995,1.0
2025-12-11T01:42:19.757027,0.005,0.995,1.0
2025-12-11T01:42:20.381086,0.005,0.995,1.0
2025-12-11T01:42:20.993440,0.005,0.995,1.0
2025-12-11T01:42:21.600630,0.005,0.995,1.0
2025-12-11T01:42:22.221824,0.005,0.995,1.0
2025-12-11T01:42:22.838778,0.005,0.995,1.0
2025-12-11T01:42:23.453737,0.005,0.995,1.0
2025-12-11T01:42:24.067469,0.005,0.995,1.0
2025-12-11T01:42:24.680772,0.005,0.995,1.0
2025-12-11T01:42:25.304253,0.005,0.995,1.0
2025-12-11T01:42:25.920746,0.005,0.995,1.0
2025-12-11T01:42:26.533207,0.005,0.995,1.0
2025-12-11T01:42:27.155049,0.005,0.995,1.0
2025-12-11T01:42:27.766424,0.005,0.995,1.0
2025-12-11T01:42:28.373943,0.005,0.995,1.0
2025-12-11T01:42:28.981010,0.005,0.995,1.0
2025-12-11T01:42:29.605030,0.005,0.995,1.0
2025-12-11T01:42:30.221180,0.005,0.995,1.0
2025-12-11T01:42:30.834785,0.005,0.995,1.0
2025-12-11T01:42:31.450790,0.005,0.995,1.0
2025-12-11T01:42:32.067676,0.005,0.995,1.0
2025-12-11T01:42:32.681751,0.005,0.995,1.0
2025-12-11T01:42:33.305923,0.005,0.995,1.0
2025-12-11T01:42:33.959436,0.005,0.995,1.0
2025-12-11T01:42:33.015017,0.005,0.995,1.0
2025-12-11T01:42:33.626341,0.005,0.995,1.0
2025-12-11T01:42:34.243734,0.005,0.995,1.0
2025-12-11T01:42:34.861347,0.005,0.995,1.0
2025-12-11T01:42:35.474883,0.005,0.995,1.0
2025-12-11T01:42:36.087446,0.005,0.995,1.0
2025-12-11T01:42:36.703404,0.005,0.995,1.0
2025-12-11T01:42:37.322104,0.005,0.995,1.0
2025-12-11T01:42:37.949735,0.005,0.995,1.0
2025-12-11T01:42:38.573733,0.005,0.995,1.0
2025-12-11T01:42:39.190093,0.005,0.995,1.0
2025-12-11T01:42:39.803110,0.005,0.995,1.0
2025-12-11T01:42:40.417789,0.005,0.995,1.0
2025-12-11T01:42:41.026417,0.005,0.995,1.0
2025-12-11T01:42:41.643889,0.005,0.995,1.0
2025-12-11T01:42:42.263858,0.005,0.995,1.0
2025-12-11T01:42:42.888442,0.005,0.995,1.0
2025-12-11T01:42:43.512535,0.005,0.995,1.0
2025-12-11T01:42:44.133251,0.005,0.995,1.0
2025-12-11T01:42:44.746767,0.005,0.995,1.0
2025-12-11T01:42:45.370067,0.005,0.995,1.0
2025-12-11T01:42:46.040098,0.005,0.995,1.0
2025-12-11T01:42:46.659544,0.005,0.995,1.0
2025-12-11T01:42:47.276455,0.005,0.995,1.0
2025-12-11T01:42:47.901204,0.005,0.995,1.0
2025-12-11T01:42:48.521826,0.005,0.995,1.0
2025-12-11T01:42:49.138407,0.005,0.995,1.0
2025-12-11T01:42:49.755757,0.005,0.995,1.0
2025-12-11T01:42:50.367243,0.005,0.995,1.0
2025-12-11T01:42:50.978619,0.005,0.995,1.0
2025-12-11T01:42:51.593192,0.005,0.995,1.0
2025-12-11T01:42:52.216590,0.005,0.995,1.0
2025-12-11T01:42:52.831902,0.005,0.995,1.0
2025-12-11T01:42:53.451539,0.005,0.995,1.0
2025-12-11T01:42:54.068834,0.005,0.995,1.0
2025-12-11T01:42:54.687590,0.005,0.995,1.0
2025-12-11T01:42:55.303253,0.005,0.995,1.0
2025-12-11T01:42:55.944440,0.005,0.995,1.0
2025-12-11T01:42:56.555243,0.005,0.995,1.0
2025-12-11T01:42:57.166949,0.005,0.995,1.0
2025-12-11T01:42:57.785539,0.005,0.995,1.0
2025-12-11T01:42:58.410051,0.005,0.995,1.0
2025-12-11T01:42:59.027563,0.005,0.995,1.0
2025-12-11T01:42:59.656218,0.005,0.995,1.0
2025-12-11T01:43:00.273908,0.005,0.995,1.0
2025-12-11T01:43:00.897049,0.005,0.995,1.0
2025-12-11T01:43:01.511552,0.005,0.995,1.0
2025-12-11T01:43:02.128356,0.005,0.995,1.0
2025-12-11T01:43:02.729657,0.005,0.995,1.0
2025-12-11T01:43:03.344960,0.005,0.995,1.0
2025-12-11T01:43:03.957705,0.005,0.995,1.0
2025-12-11T01:43:04.578385,0.005,0.995,1.0
2025-12-11T01:43:03.619461,0.005,0.995,1.0
2025-12-11T01:43:04.235866,0.005,0.995,1.0
2025-12-11T01:43:04.851371,0.005,0.995,1.0
2025-12-11T01:43:05.466679,0.005,0.995,1.0
2025-12-11T01:43:06.079530,0.005,0.995,1.0
2025-12-11T01:43:06.700985,0.005,0.995,1.0
2025-12-11T01:43:07.313763,0.005,0.995,1.0
2025-12-11T01:43:07.938396,0.005,0.995,1.0
2025-12-11T01:43:08.563889,0.005,0.995,1.0
2025-12-11T01:43:09.170842,0.005,0.995,1.0
2025-12-11T01:43:09.786986,0.005,0.995,1.0
2025-12-11T01:43:10.407659,0.005,0.995,1.0
2025-12-11T01:43:11.029908,0.005,0.995,1.0
2025-12-11T01:43:11.652702,0.005,0.995,1.0
2025-12-11T01:43:12.265073,0.005,0.995,1.0
2025-12-11T01:43:12.883380,0.005,0.995,1.0
2025-12-11T01:43:13.516970,0.005,0.995,1.0
2025-12-11T01:43:14.146318,0.005,0.995,1.0
2025-12-11T01:43:14.761860,0.005,0.995,1.0
2025-12-11T01:43:15.380381,0.005,0.995,1.0
2025-12-11T01:43:15.992177,0.005,0.995,1.0
2025-12-11T01:43:16.607740,0.005,0.995,1.0
2025-12-11T01:43:17.213490,0.005,0.995,1.0
2025-12-11T01:43:17.826991,0.005,0.995,1.0
2025-12-11T01:43:18.450362,0.005,0.995,1.0
2025-12-11T01:43:19.063840,0.005,0.995,1.0
2025-12-11T01:43:19.675396,0.005,0.995,1.0
2025-12-11T01:43:20.289430,0.005,0.995,1.0
2025-12-11T01:43:20.904082,0.005,0.995,1.0
2025-12-11T01:43:21.522971,0.005,0.995,1.0
2025-12-11T01:43:22.131874,0.005,0.995,1.0
2025-12-11T01:43:22.740931,0.005,0.995,1.0
2025-12-11T01:43:23.353035,0.005,0.995,1.0
2025-12-11T01:43:23.977507,0.005,0.995,1.0
2025-12-11T01:43:24.604157,0.005,0.995,1.0
2025-12-11T01:43:25.208759,0.005,0.995,1.0
2025-12-11T01:43:25.830384,0.005,0.995,1.0
2025-12-11T01:43:26.449300,0.005,0.995,1.0
2025-12-11T01:43:27.068744,0.005,0.995,1.0
2025-12-11T01:43:27.690673,0.005,0.995,1.0
2025-12-11T01:43:28.315249,0.005,0.995,1.0
2025-12-11T01:43:28.949135,0.005,0.995,1.0
2025-12-11T01:43:29.559866,0.005,0.995,1.0
2025-12-11T01:43:30.170512,0.005,0.995,1.0
2025-12-11T01:43:30.786400,0.005,0.995,1.0
2025-12-11T01:43:31.402201,0.005,0.995,1.0
2025-12-11T01:43:32.016126,0.005,0.995,1.0
2025-12-11T01:43:32.623217,0.005,0.995,1.0
2025-12-11T01:43:33.225652,0.005,0.995,1.0
2025-12-11T01:43:33.842793,0.005,0.995,1.0
2025-12-11T01:43:34.464029,0.005,0.995,1.0
2025-12-11T01:43:35.076897,0.005,0.995,1.0
2025-12-11T01:43:34.102727,0.005,0.995,1.0
2025-12-11T01:43:34.713010,0.005,0.995,1.0
2025-12-11T01:43:35.328245,0.005,0.995,1.0
2025-12-11T01:43:35.936990,0.005,0.995,1.0
2025-12-11T01:43:36.547118,0.005,0.995,1.0
2025-12-11T01:43:37.157203,0.005,0.995,1.0
2025-12-11T01:43:37.769243,0.005,0.995,1.0
2025-12-11T01:43:38.380912,0.005,0.995,1.0
2025-12-11T01:43:38.996828,0.005,0.995,1.0
2025-12-11T01:43:39.602526,0.005,0.995,1.0
2025-12-11T01:43:40.220182,0.005,0.995,1.0
2025-12-11T01:43:40.835698,0.005,0.995,1.0
2025-12-11T01:43:41.446897,0.005,0.995,1.0
2025-12-11T01:43:42.061944,0.005,0.995,1.0
2025-12-11T01:43:42.670363,0.005,0.995,1.0
2025-12-11T01:43:43.285759,0.005,0.995,1.0
2025-12-11T01:43:43.900729,0.005,0.995,1.0
2025-12-11T01:43:44.515043,0.005,0.995,1.0
2025-12-11T01:43:45.135568,0.005,0.995,1.0
2025-12-11T01:43:45.752952,0.005,0.995,1.0
2025-12-11T01:43:46.363396,0.005,0.995,1.0
2025-12-11T01:43:46.978320,0.005,0.995,1.0
2025-12-11T01:43:47.580776,0.005,0.995,1.0
2025-12-11T01:43:48.197908,0.005,0.995,1.0
2025-12-11T01:43:48.862634,0.005,0.995,1.0
2025-12-11T01:43:49.483883,0.005,0.995,1.0
2025-12-11T01:43:50.100874,0.005,0.995,1.0
2025-12-11T01:43:50.713008,0.005,0.995,1.0
2025-12-11T01:43:51.323808,0.005,0.995,1.0
2025-12-11T01:43:51.952836,0.005,0.995,1.0
2025-12-11T01:43:52.564673,0.005,0.995,1.0
2025-12-11T01:43:53.186362,0.005,0.995,1.0
2025-12-11T01:43:53.806446,0.005,0.995,1.0
2025-12-11T01:43:54.431018,0.005,0.995,1.0
2025-12-11T01:43:55.045936,0.005,0.995,1.0
2025-12-11T01:43:55.652157,0.005,0.995,1.0
2025-12-11T01:43:56.269142,0.005,0.995,1.0
2025-12-11T01:43:56.888247,0.005,0.995,1.0
2025-12-11T01:43:57.504104,0.005,0.995,1.0
2025-12-11T01:43:58.138731,0.005,0.995,1.0
2025-12-11T01:43:58.755550,0.005,0.995,1.0
2025-12-11T01:43:59.369212,0.005,0.995,1.0
2025-12-11T01:43:59.993110,0.005,0.995,1.0
2025-12-11T01:44:00.608095,0.005,0.995,1.0
2025-12-11T01:44:01.241041,0.005,0.995,1.0
2025-12-11T01:44:01.851813,0.005,0.995,1.0
2025-12-11T01:44:02.469343,0.005,0.995,1.0
2025-12-11T01:44:03.082387,0.005,0.995,1.0
2025-12-11T01:44:03.687266,0.005,0.995,1.0
2025-12-11T01:44:04.302134,0.005,0.995,1.0
2025-12-11T01:44:04.916369,0.005,0.995,1.0
2025-12-11T01:44:05.524246,0.005,0.995,1.0
2025-12-11T01:44:04.545251,0.005,0.995,1.0
2025-12-11T01:44:05.155896,0.005,0.995,1.0
2025-12-11T01:44:05.766008,0.005,0.995,1.0
2025-12-11T01:44:06.388868,0.005,0.995,1.0
2025-12-11T01:44:07.005881,0.005,0.995,1.0
2025-12-11T01:44:07.620599,0.005,0.995,1.0
2025-12-11T01:44:08.264360,0.005,0.995,1.0
2025-12-11T01:44:08.875756,0.005,0.995,1.0
2025-12-11T01:44:09.484478,0.005,0.995,1.0
2025-12-11T01:44:10.090479,0.005,0.995,1.0
2025-12-11T01:44:10.701699,0.005,0.995,1.0
2025-12-11T01:44:11.311476,0.005,0.995,1.0
2025-12-11T01:44:11.935286,0.005,0.995,1.0
2025-12-11T01:44:12.559769,0.005,0.995,1.0
2025-12-11T01:44:13.175231,0.005,0.995,1.0
2025-12-11T01:44:13.789447,0.005,0.995,1.0
2025-12-11T01:44:14.404232,0.005,0.995,1.0
2025-12-11T01:44:15.008377,0.005,0.995,1.0
2025-12-11T01:44:15.624915,0.005,0.995,1.0
2025-12-11T01:44:16.238491,0.005,0.995,1.0
2025-12-11T01:44:16.849007,0.005,0.995,1.0
2025-12-11T01:44:17.471469,0.005,0.995,1.0
2025-12-11T01:44:18.076000,0.005,0.995,1.0
2025-12-11T01:44:18.695611,0.005,0.995,1.0
2025-12-11T01:44:19.314068,0.005,0.995,1.0
2025-12-11T01:44:19.928413,0.005,0.995,1.0
2025-12-11T01:44:20.545202,0.005,0.995,1.0
2025-12-11T01:44:21.154857,0.005,0.995,1.0
2025-12-11T01:44:21.789188,0.005,0.995,1.0
2025-12-11T01:44:22.404179,0.005,0.995,1.0
2025-12-11T01:44:23.032726,0.005,0.995,1.0
2025-12-11T01:44:23.654706,0.005,0.995,1.0
2025-12-11T01:44:24.272006,0.005,0.995,1.0
2025-12-11T01:44:24.885254,0.005,0.995,1.0
2025-12-11T01:44:25.501325,0.005,0.995,1.0
2025-12-11T01:44:26.124105,0.005,0.995,1.0
2025-12-11T01:44:26.742119,0.005,0.995,1.0
2025-12-11T01:44:27.354570,0.005,0.995,1.0
2025-12-11T01:44:27.982898,0.005,0.995,1.0
2025-12-11T01:44:28.596306,0.005,0.995,1.0
2025-12-11T01:44:29.215193,0.005,0.995,1.0
2025-12-11T01:44:29.832733,0.005,0.995,1.0
2025-12-11T01:44:30.458442,0.005,0.995,1.0
2025-12-11T01:44:31.080549,0.005,0.995,1.0
2025-12-11T01:44:31.692921,0.005,0.995,1.0
2025-12-11T01:44:32.308246,0.005,0.995,1.0
2025-12-11T01:44:32.928180,0.005,0.995,1.0
2025-12-11T01:44:33.544816,0.005,0.995,1.0
2025-12-11T01:44:34.158581,0.005,0.995,1.0
2025-12-11T01:44:34.768303,0.005,0.995,1.0
2025-12-11T01:44:35.384298,0.005,0.995,1.0
2025-12-11T01:44:35.998756,0.005,0.995,1.0
2025-12-11T01:44:36.624753,0.005,0.995,1.0
2025-12-11T01:44:35.668594,0.005,0.995,1.0
2025-12-11T01:44:36.311178,0.005,0.995,1.0
2025-12-11T01:44:36.923292,0.005,0.995,1.0
2025-12-11T01:44:37.538392,0.005,0.995,1.0
2025-12-11T01:44:38.235922,0.005,0.995,1.0
2025-12-11T01:44:38.866806,0.005,0.995,1.0
2025-12-11T01:44:39.491061,0.005,0.995,1.0
2025-12-11T01:44:40.102672,0.005,0.995,1.0
2025-12-11T01:44:40.719706,0.005,0.995,1.0
2025-12-11T01:44:41.325718,0.005,0.995,1.0
2025-12-11T01:44:41.941192,0.005,0.995,1.0
2025-12-11T01:44:42.539556,0.005,0.995,1.0
2025-12-11T01:44:43.161760,0.005,0.995,1.0
2025-12-11T01:44:43.778706,0.005,0.995,1.0
2025-12-11T01:44:44.384254,0.005,0.995,1.0
2025-12-11T01:44:44.996546,0.005,0.995,1.0
2025-12-11T01:44:45.616365,0.005,0.995,1.0
2025-12-11T01:44:46.226818,0.005,0.995,1.0
2025-12-11T01:44:46.837729,0.005,0.995,1.0
2025-12-11T01:44:47.457741,0.005,0.995,1.0
2025-12-11T01:44:48.069255,0.005,0.995,1.0
2025-12-11T01:44:48.678386,0.005,0.995,1.0
2025-12-11T01:44:49.304939,0.005,0.995,1.0
2025-12-11T01:44:49.917237,0.005,0.995,1.0
2025-12-11T01:44:50.537350,0.005,0.995,1.0
2025-12-11T01:44:51.155653,0.005,0.995,1.0
2025-12-11T01:44:51.763357,0.005,0.995,1.0
2025-12-11T01:44:52.364140,0.005,0.995,1.0
2025-12-11T01:44:52.983803,0.005,0.995,1.0
2025-12-11T01:44:53.614015,0.005,0.995,1.0
2025-12-11T01:44:54.227396,0.005,0.995,1.0
2025-12-11T01:44:54.838147,0.005,0.995,1.0
2025-12-11T01:44:55.457748,0.005,0.995,1.0
2025-12-11T01:44:56.073333,0.005,0.995,1.0
2025-12-11T01:44:56.685329,0.005,0.995,1.0
2025-12-11T01:44:57.295619,0.005,0.995,1.0
2025-12-11T01:44:57.936314,0.005,0.995,1.0
2025-12-11T01:44:58.553243,0.005,0.995,1.0
2025-12-11T01:44:59.176381,0.005,0.995,1.0
2025-12-11T01:44:59.793101,0.005,0.995,1.0
2025-12-11T01:45:00.393719,0.005,0.995,1.0
2025-12-11T01:45:01.012745,0.005,0.995,1.0
2025-12-11T01:45:01.626251,0.005,0.995,1.0
2025-12-11T01:45:02.238692,0.005,0.995,1.0
2025-12-11T01:45:02.851962,0.005,0.995,1.0
2025-12-11T01:45:03.463600,0.005,0.995,1.0
2025-12-11T01:45:04.084496,0.005,0.995,1.0
2025-12-11T01:45:04.704759,0.005,0.995,1.0
2025-12-11T01:45:05.321979,0.005,0.995,1.0
2025-12-11T01:45:05.941532,0.005,0.995,1.0
2025-12-11T01:45:06.554792,0.005,0.995,1.0
2025-12-11T01:45:07.170949,0.005,0.995,1.0
2025-12-11T01:45:06.208322,0.005,0.995,1.0
2025-12-11T01:45:06.824930,0.005,0.995,1.0
2025-12-11T01:45:07.439400,0.005,0.995,1.0
2025-12-11T01:45:08.053517,0.005,0.995,1.0
2025-12-11T01:45:08.678416,0.005,0.995,1.0
2025-12-11T01:45:09.297221,0.005,0.995,1.0
2025-12-11T01:45:09.917250,0.005,0.995,1.0
2025-12-11T01:45:10.531687,0.005,0.995,1.0
2025-12-11T01:45:11.136528,0.005,0.995,1.0
2025-12-11T01:45:11.738649,0.005,0.995,1.0
2025-12-11T01:45:12.350725,0.005,0.995,1.0
2025-12-11T01:45:12.964452,0.005,0.995,1.0
2025-12-11T01:45:13.576174,0.005,0.995,1.0
2025-12-11T01:45:14.188607,0.005,0.995,1.0
2025-12-11T01:45:14.801128,0.005,0.995,1.0
2025-12-11T01:45:15.419685,0.005,0.995,1.0
2025-12-11T01:45:16.037128,0.005,0.995,1.0
2025-12-11T01:45:16.645729,0.005,0.995,1.0
2025-12-11T01:45:17.256504,0.005,0.995,1.0
2025-12-11T01:45:17.878863,0.005,0.995,1.0
2025-12-11T01:45:18.492630,0.005,0.995,1.0
2025-12-11T01:45:19.107360,0.005,0.995,1.0
2025-12-11T01:45:19.717618,0.005,0.995,1.0
2025-12-11T01:45:20.346869,0.005,0.995,1.0
2025-12-11T01:45:20.965274,0.005,0.995,1.0
2025-12-11T01:45:21.574126,0.005,0.995,1.0
2025-12-11T01:45:22.193288,0.005,0.995,1.0
2025-12-11T01:45:22.798301,0.005,0.995,1.0
2025-12-11T01:45:23.448503,0.005,0.995,1.0
2025-12-11T01:45:24.062603,0.005,0.995,1.0
2025-12-11T01:45:24.674501,0.005,0.995,1.0
2025-12-11T01:45:25.293137,0.005,0.995,1.0
2025-12-11T01:45:25.907530,0.005,0.995,1.0
2025-12-11T01:45:26.518801,0.005,0.995,1.0
2025-12-11T01:45:27.152374,0.005,0.995,1.0
2025-12-11T01:45:27.771162,0.005,0.995,1.0
2025-12-11T01:45:28.391338,0.005,0.995,1.0
2025-12-11T01:45:29.014468,0.005,0.995,1.0
2025-12-11T01:45:29.629780,0.005,0.995,1.0
2025-12-11T01:45:30.274902,0.005,0.995,1.0
2025-12-11T01:45:30.889993,0.005,0.995,1.0
2025-12-11T01:45:31.505171,0.005,0.995,1.0
2025-12-11T01:45:32.123090,0.005,0.995,1.0
2025-12-11T01:45:32.727357,0.005,0.995,1.0
2025-12-11T01:45:33.344921,0.005,0.995,1.0
2025-12-11T01:45:33.948394,0.005,0.995,1.0
2025-12-11T01:45:34.564456,0.005,0.995,1.0
2025-12-11T01:45:35.174274,0.005,0.995,1.0
2025-12-11T01:45:35.829205,0.005,0.995,1.0
2025-12-11T01:45:36.439603,0.005,0.995,1.0
2025-12-11T01:45:37.057376,0.005,0.995,1.0
2025-12-11T01:45:37.672842,0.005,0.995,1.0
2025-12-11T01:45:36.705477,0.005,0.995,1.0
2025-12-11T01:45:37.310929,0.005,0.995,1.0
2025-12-11T01:45:37.959167,0.005,0.995,1.0
2025-12-11T01:45:38.585494,0.005,0.995,1.0
2025-12-11T01:45:39.212619,0.005,0.995,1.0
2025-12-11T01:45:39.862278,0.005,0.995,1.0
2025-12-11T01:45:40.475318,0.005,0.995,1.0
2025-12-11T01:45:41.089017,0.005,0.995,1.0
2025-12-11T01:45:41.710398,0.005,0.995,1.0
2025-12-11T01:45:42.322975,0.005,0.995,1.0
2025-12-11T01:45:42.944019,0.005,0.995,1.0
2025-12-11T01:45:43.561310,0.005,0.995,1.0
2025-12-11T01:45:44.183572,0.005,0.995,1.0
2025-12-11T01:45:44.802365,0.005,0.995,1.0
2025-12-11T01:45:45.410382,0.005,0.995,1.0
2025-12-11T01:45:46.034997,0.005,0.995,1.0
2025-12-11T01:45:46.648397,0.005,0.995,1.0
2025-12-11T01:45:47.266831,0.005,0.995,1.0
2025-12-11T01:45:47.882640,0.005,0.995,1.0
2025-12-11T01:45:48.489107,0.005,0.995,1.0
2025-12-11T01:45:49.112568,0.005,0.995,1.0
2025-12-11T01:45:49.728809,0.005,0.995,1.0
2025-12-11T01:45:50.345166,0.005,0.995,1.0
2025-12-11T01:45:50.959489,0.005,0.995,1.0
2025-12-11T01:45:51.576246,0.005,0.995,1.0
2025-12-11T01:45:52.194144,0.005,0.995,1.0
2025-12-11T01:45:52.812545,0.005,0.995,1.0
2025-12-11T01:45:53.429824,0.005,0.995,1.0
2025-12-11T01:45:54.046876,0.005,0.995,1.0
2025-12-11T01:45:54.663949,0.005,0.995,1.0
2025-12-11T01:45:55.278009,0.005,0.995,1.0
2025-12-11T01:45:55.887681,0.005,0.995,1.0
2025-12-11T01:45:56.504980,0.005,0.995,1.0
2025-12-11T01:45:57.118588,0.005,0.995,1.0
2025-12-11T01:45:57.733965,0.005,0.995,1.0
2025-12-11T01:45:58.345897,0.005,0.995,1.0
2025-12-11T01:45:58.963475,0.005,0.995,1.0
2025-12-11T01:45:59.576960,0.005,0.995,1.0
