timestamp,price_yes,price_no,sum_prices
2025-12-11T01:16:00.683237,0.445,0.555,1.0
2025-12-11T01:16:01.533864,0.435,0.565,1.0
2025-12-11T01:16:02.152291,0.435,0.565,1.0
2025-12-11T01:16:02.763983,0.445,0.555,1.0
2025-12-11T01:16:03.376504,0.445,0.555,1.0
2025-12-11T01:16:03.989739,0.445,0.555,1.0
2025-12-11T01:16:04.602063,0.445,0.555,1.0
2025-12-11T01:16:05.221788,0.445,0.555,1.0
2025-12-11T01:16:05.838310,0.445,0.555,1.0
2025-12-11T01:16:06.451234,0.445,0.555,1.0
2025-12-11T01:16:07.069409,0.445,0.555,1.0
2025-12-11T01:16:07.687251,0.445,0.555,1.0
2025-12-11T01:16:08.299036,0.445,0.555,1.0
2025-12-11T01:16:08.904328,0.445,0.555,1.0
2025-12-11T01:16:09.523036,0.445,0.555,1.0
2025-12-11T01:16:10.136339,0.445,0.555,1.0
2025-12-11T01:16:10.750795,0.445,0.555,1.0
2025-12-11T01:16:11.361498,0.445,0.555,1.0
2025-12-11T01:16:11.977404,0.445,0.555,1.0
2025-12-11T01:16:12.582210,0.45,0.55,1.0
2025-12-11T01:16:13.211591,0.445,0.555,1.0
2025-12-11T01:16:13.832400,0.45,0.55,1.0
2025-12-11T01:16:14.454926,0.45,0.55,1.0
2025-12-11T01:16:15.069671,0.445,0.555,1.0
2025-12-11T01:16:15.682183,0.445,0.555,1.0
2025-12-11T01:16:16.305371,0.445,0.555,1.0
2025-12-11T01:16:16.909872,0.445,0.555,1.0
2025-12-11T01:16:17.522394,0.455,0.545,1.0
2025-12-11T01:16:18.143779,0.455,0.545,1.0
2025-12-11T01:16:18.761991,0.45,0.55,1.0
2025-12-11T01:16:19.386539,0.45,0.55,1.0
2025-12-11T01:16:20.015859,0.45,0.55,1.0
2025-12-11T01:16:20.631702,0.45,0.545,0.9950000000000001
2025-12-11T01:16:21.250553,0.475,0.525,1.0
2025-12-11T01:16:21.867382,0.465,0.535,1.0
2025-12-11T01:16:22.475974,0.475,0.525,1.0
2025-12-11T01:16:23.092300,0.475,0.55,1.025
2025-12-11T01:16:23.712543,0.445,0.555,1.0
2025-12-11T01:16:24.338781,0.445,0.555,1.0
2025-12-11T01:16:24.960834,0.435,0.565,1.0
2025-12-11T01:16:25.588245,0.435,0.565,1.0
2025-12-11T01:16:26.199009,0.435,0.565,1.0
2025-12-11T01:16:26.814472,0.435,0.565,1.0
2025-12-11T01:16:27.426349,0.425,0.575,1.0
2025-12-11T01:16:28.047794,0.425,0.575,1.0
2025-12-11T01:16:28.660232,0.415,0.585,1.0
2025-12-11T01:16:29.274028,0.415,0.585,1.0
2025-12-11T01:16:28.329636,0.415,0.585,1.0
2025-12-11T01:16:28.945226,0.415,0.585,1.0
2025-12-11T01:16:29.559570,0.415,0.585,1.0
2025-12-11T01:16:30.170020,0.415,0.585,1.0
2025-12-11T01:16:30.775515,0.415,0.585,1.0
2025-12-11T01:16:31.390592,0.405,0.595,1.0
2025-12-11T01:16:32.004709,0.415,0.585,1.0
2025-12-11T01:16:32.621587,0.41,0.59,1.0
2025-12-11T01:16:33.235718,0.41,0.59,1.0
2025-12-11T01:16:33.848330,0.415,0.585,1.0
2025-12-11T01:16:34.466769,0.42,0.58,1.0
2025-12-11T01:16:35.078734,0.425,0.575,1.0
2025-12-11T01:16:35.691157,0.425,0.575,1.0
2025-12-11T01:16:36.306268,0.425,0.575,1.0
2025-12-11T01:16:36.915953,0.425,0.575,1.0
2025-12-11T01:16:37.537612,0.425,0.575,1.0
2025-12-11T01:16:38.156592,0.425,0.575,1.0
2025-12-11T01:16:38.777481,0.435,0.565,1.0
2025-12-11T01:16:39.402629,0.435,0.565,1.0
2025-12-11T01:16:40.025673,0.435,0.565,1.0
2025-12-11T01:16:40.639011,0.435,0.565,1.0
2025-12-11T01:16:41.261092,0.44,0.56,1.0
2025-12-11T01:16:41.887668,0.435,0.565,1.0
2025-12-11T01:16:42.514511,0.43,0.57,1.0
2025-12-11T01:16:43.128530,0.42,0.58,1.0
2025-12-11T01:16:43.743962,0.415,0.585,1.0
2025-12-11T01:16:44.362590,0.425,0.575,1.0
2025-12-11T01:16:44.979260,0.425,0.575,1.0
2025-12-11T01:16:45.591362,0.435,0.565,1.0
2025-12-11T01:16:46.205799,0.435,0.565,1.0
2025-12-11T01:16:46.819439,0.445,0.545,0.99
2025-12-11T01:16:47.453387,0.455,0.545,1.0
2025-12-11T01:16:48.087353,0.455,0.545,1.0
2025-12-11T01:16:48.702532,0.455,0.545,1.0
2025-12-11T01:16:49.315861,0.45,0.55,1.0
2025-12-11T01:16:49.945433,0.455,0.545,1.0
2025-12-11T01:16:50.556946,0.455,0.545,1.0
2025-12-11T01:16:51.177923,0.455,0.555,1.01
2025-12-11T01:16:51.810673,0.425,0.575,1.0
2025-12-11T01:16:52.429253,0.415,0.585,1.0
2025-12-11T01:16:53.045635,0.42,0.58,1.0
2025-12-11T01:16:53.656504,0.425,0.575,1.0
2025-12-11T01:16:54.267770,0.415,0.585,1.0
2025-12-11T01:16:54.911445,0.42,0.58,1.0
2025-12-11T01:16:55.531432,0.42,0.585,1.005
2025-12-11T01:16:56.149741,0.405,0.595,1.0
2025-12-11T01:16:56.768658,0.405,0.595,1.0
2025-12-11T01:16:57.367893,0.41,0.59,1.0
2025-12-11T01:16:57.989008,0.41,0.59,1.0
2025-12-11T01:16:58.606329,0.41,0.59,1.0
2025-12-11T01:16:59.215961,0.41,0.59,1.0
2025-12-11T01:16:59.832138,0.415,0.585,1.0
2025-12-11T01:16:58.901435,0.425,0.575,1.0
2025-12-11T01:16:59.514249,0.425,0.575,1.0
2025-12-11T01:17:00.130900,0.41,0.59,1.0
2025-12-11T01:17:00.750613,0.42,0.575,0.9949999999999999
2025-12-11T01:17:01.350841,0.42,0.58,1.0
2025-12-11T01:17:01.963724,0.415,0.585,1.0
2025-12-11T01:17:02.576042,0.415,0.585,1.0
2025-12-11T01:17:03.190104,0.415,0.585,1.0
2025-12-11T01:17:03.803221,0.415,0.585,1.0
2025-12-11T01:17:04.415166,0.415,0.585,1.0
2025-12-11T01:17:05.023390,0.415,0.585,1.0
2025-12-11T01:17:05.629144,0.42,0.58,1.0
2025-12-11T01:17:06.228316,0.415,0.585,1.0
2025-12-11T01:17:06.832397,0.415,0.585,1.0
2025-12-11T01:17:07.454963,0.415,0.585,1.0
2025-12-11T01:17:08.060383,0.415,0.585,1.0
2025-12-11T01:17:08.664231,0.405,0.595,1.0
2025-12-11T01:17:09.267136,0.415,0.585,1.0
2025-12-11T01:17:09.874590,0.415,0.585,1.0
2025-12-11T01:17:10.479934,0.415,0.585,1.0
2025-12-11T01:17:11.089937,0.415,0.585,1.0
2025-12-11T01:17:11.688218,0.415,0.585,1.0
2025-12-11T01:17:12.293051,0.415,0.58,0.9949999999999999
2025-12-11T01:17:12.899340,0.425,0.575,1.0
2025-12-11T01:17:13.512371,0.425,0.575,1.0
2025-12-11T01:17:14.115202,0.435,0.565,1.0
2025-12-11T01:17:14.717882,0.435,0.565,1.0
2025-12-11T01:17:15.320790,0.435,0.565,1.0
2025-12-11T01:17:15.926535,0.425,0.58,1.005
2025-12-11T01:17:16.528157,0.425,0.575,1.0
2025-12-11T01:17:17.137804,0.425,0.575,1.0
2025-12-11T01:17:17.743721,0.425,0.575,1.0
2025-12-11T01:17:18.355385,0.425,0.575,1.0
2025-12-11T01:17:18.964231,0.425,0.575,1.0
2025-12-11T01:17:19.575789,0.425,0.575,1.0
2025-12-11T01:17:20.190345,0.415,0.585,1.0
2025-12-11T01:17:20.785593,0.415,0.585,1.0
2025-12-11T01:17:21.396562,0.405,0.595,1.0
2025-12-11T01:17:22.056085,0.405,0.595,1.0
2025-12-11T01:17:22.664278,0.405,0.595,1.0
2025-12-11T01:17:23.274700,0.405,0.595,1.0
2025-12-11T01:17:23.873723,0.405,0.595,1.0
2025-12-11T01:17:24.482674,0.405,0.595,1.0
2025-12-11T01:17:25.088453,0.395,0.605,1.0
2025-12-11T01:17:25.685427,0.395,0.605,1.0
2025-12-11T01:17:26.294164,0.395,0.605,1.0
2025-12-11T01:17:26.893000,0.395,0.605,1.0
2025-12-11T01:17:27.500965,0.385,0.615,1.0
2025-12-11T01:17:28.121920,0.385,0.615,1.0
2025-12-11T01:17:28.740793,0.385,0.615,1.0
2025-12-11T01:17:29.339859,0.385,0.615,1.0
2025-12-11T01:17:29.937113,0.385,0.615,1.0
2025-12-11T01:17:30.551754,0.385,0.615,1.0
2025-12-11T01:17:29.592074,0.39,0.61,1.0
2025-12-11T01:17:30.201508,0.395,0.605,1.0
2025-12-11T01:17:30.831944,0.395,0.605,1.0
2025-12-11T01:17:31.438335,0.395,0.605,1.0
2025-12-11T01:17:32.041005,0.395,0.61,1.005
2025-12-11T01:17:32.640498,0.385,0.625,1.01
2025-12-11T01:17:33.247751,0.375,0.625,1.0
2025-12-11T01:17:33.854043,0.375,0.625,1.0
2025-12-11T01:17:34.449388,0.375,0.625,1.0
2025-12-11T01:17:35.052139,0.38,0.62,1.0
2025-12-11T01:17:35.671476,0.38,0.62,1.0
2025-12-11T01:17:36.292109,0.365,0.635,1.0
2025-12-11T01:17:36.900500,0.365,0.63,0.995
2025-12-11T01:17:37.524233,0.375,0.625,1.0
2025-12-11T01:17:38.138931,0.375,0.625,1.0
2025-12-11T01:17:38.747827,0.375,0.625,1.0
2025-12-11T01:17:39.354233,0.36,0.64,1.0
2025-12-11T01:17:39.955735,0.365,0.635,1.0
2025-12-11T01:17:40.561728,0.365,0.635,1.0
2025-12-11T01:17:41.168785,0.375,0.625,1.0
2025-12-11T01:17:41.769838,0.375,0.625,1.0
2025-12-11T01:17:42.373006,0.375,0.625,1.0
2025-12-11T01:17:42.975063,0.38,0.62,1.0
2025-12-11T01:17:43.573248,0.38,0.62,1.0
2025-12-11T01:17:44.174657,0.38,0.62,1.0
2025-12-11T01:17:44.782196,0.385,0.615,1.0
2025-12-11T01:17:45.385086,0.385,0.615,1.0
2025-12-11T01:17:45.987398,0.375,0.625,1.0
2025-12-11T01:17:46.599152,0.375,0.63,1.005
2025-12-11T01:17:47.220157,0.365,0.635,1.0
2025-12-11T01:17:47.836421,0.365,0.635,1.0
2025-12-11T01:17:48.438920,0.36,0.64,1.0
2025-12-11T01:17:49.046262,0.36,0.64,1.0
2025-12-11T01:17:49.648956,0.36,0.645,1.005
2025-12-11T01:17:50.265266,0.345,0.655,1.0
2025-12-11T01:17:50.870998,0.345,0.655,1.0
2025-12-11T01:17:51.478790,0.35,0.65,1.0
2025-12-11T01:17:52.091788,0.35,0.65,1.0
2025-12-11T01:17:52.698906,0.35,0.65,1.0
2025-12-11T01:17:53.319330,0.35,0.65,1.0
2025-12-11T01:17:53.919393,0.35,0.65,1.0
2025-12-11T01:17:54.539560,0.36,0.64,1.0
2025-12-11T01:17:55.145552,0.36,0.64,1.0
2025-12-11T01:17:55.754865,0.355,0.645,1.0
2025-12-11T01:17:56.364886,0.355,0.645,1.0
2025-12-11T01:17:56.973359,0.36,0.64,1.0
2025-12-11T01:17:57.599687,0.36,0.64,1.0
2025-12-11T01:17:58.212947,0.36,0.64,1.0
2025-12-11T01:17:58.817593,0.36,0.64,1.0
2025-12-11T01:17:59.430454,0.365,0.635,1.0
2025-12-11T01:18:00.090764,0.365,0.635,1.0
2025-12-11T01:18:00.692337,0.355,0.655,1.01
2025-12-11T01:18:01.302232,0.345,0.655,1.0
2025-12-11T01:18:00.363853,0.355,0.645,1.0
2025-12-11T01:18:00.971473,0.335,0.665,1.0
2025-12-11T01:18:01.591635,0.335,0.665,1.0
2025-12-11T01:18:02.186490,0.345,0.655,1.0
2025-12-11T01:18:02.823719,0.345,0.655,1.0
2025-12-11T01:18:03.448700,0.355,0.645,1.0
2025-12-11T01:18:04.066721,0.375,0.625,1.0
2025-12-11T01:18:04.678523,0.385,0.615,1.0
2025-12-11T01:18:05.290078,0.385,0.615,1.0
2025-12-11T01:18:05.911441,0.39,0.605,0.995
2025-12-11T01:18:06.531755,0.385,0.615,1.0
2025-12-11T01:18:07.175142,0.385,0.615,1.0
2025-12-11T01:18:07.797056,0.39,0.61,1.0
2025-12-11T01:18:08.410257,0.39,0.61,1.0
2025-12-11T01:18:09.025866,0.39,0.61,1.0
2025-12-11T01:18:09.641848,0.39,0.61,1.0
2025-12-11T01:18:10.241281,0.375,0.625,1.0
2025-12-11T01:18:10.901436,0.38,0.62,1.0
2025-12-11T01:18:11.522858,0.38,0.62,1.0
2025-12-11T01:18:12.139664,0.385,0.615,1.0
2025-12-11T01:18:12.761398,0.39,0.61,1.0
2025-12-11T01:18:13.377365,0.395,0.605,1.0
2025-12-11T01:18:13.995869,0.395,0.605,1.0
2025-12-11T01:18:14.620227,0.39,0.61,1.0
2025-12-11T01:18:15.234700,0.39,0.61,1.0
2025-12-11T01:18:15.851602,0.385,0.615,1.0
2025-12-11T01:18:16.467581,0.375,0.625,1.0
2025-12-11T01:18:17.082950,0.375,0.625,1.0
2025-12-11T01:18:17.705266,0.375,0.625,1.0
2025-12-11T01:18:18.318096,0.375,0.625,1.0
2025-12-11T01:18:18.934883,0.365,0.635,1.0
2025-12-11T01:18:19.552680,0.365,0.635,1.0
2025-12-11T01:18:20.167751,0.355,0.645,1.0
2025-12-11T01:18:20.776372,0.35,0.655,1.005
2025-12-11T01:18:21.392710,0.345,0.655,1.0
2025-12-11T01:18:22.003750,0.345,0.655,1.0
2025-12-11T01:18:22.621174,0.345,0.655,1.0
2025-12-11T01:18:23.302157,0.345,0.655,1.0
2025-12-11T01:18:23.917949,0.35,0.655,1.005
2025-12-11T01:18:24.535822,0.345,0.655,1.0
2025-12-11T01:18:25.152330,0.345,0.655,1.0
2025-12-11T01:18:25.768030,0.34,0.66,1.0
2025-12-11T01:18:26.380222,0.345,0.655,1.0
2025-12-11T01:18:26.995523,0.345,0.655,1.0
2025-12-11T01:18:27.612126,0.345,0.655,1.0
2025-12-11T01:18:28.232181,0.345,0.655,1.0
2025-12-11T01:18:28.852228,0.335,0.665,1.0
2025-12-11T01:18:29.463299,0.335,0.665,1.0
2025-12-11T01:18:30.073543,0.325,0.675,1.0
2025-12-11T01:18:30.686797,0.31,0.69,1.0
2025-12-11T01:18:31.303029,0.31,0.69,1.0
2025-12-11T01:18:31.916777,0.31,0.69,1.0
2025-12-11T01:18:30.963172,0.31,0.69,1.0
2025-12-11T01:18:31.580951,0.295,0.705,1.0
2025-12-11T01:18:32.200380,0.295,0.705,1.0
2025-12-11T01:18:32.812785,0.265,0.735,1.0
2025-12-11T01:18:33.426713,0.265,0.735,1.0
2025-12-11T01:18:34.052575,0.255,0.745,1.0
2025-12-11T01:18:34.674299,0.255,0.745,1.0
2025-12-11T01:18:35.291846,0.255,0.74,0.995
2025-12-11T01:18:35.913684,0.255,0.745,1.0
2025-12-11T01:18:36.538807,0.255,0.745,1.0
2025-12-11T01:18:37.157055,0.25,0.75,1.0
2025-12-11T01:18:37.773421,0.245,0.755,1.0
2025-12-11T01:18:38.392652,0.245,0.755,1.0
2025-12-11T01:18:39.012568,0.245,0.755,1.0
2025-12-11T01:18:39.633068,0.245,0.755,1.0
2025-12-11T01:18:40.246102,0.245,0.755,1.0
2025-12-11T01:18:40.860206,0.245,0.755,1.0
2025-12-11T01:18:41.480885,0.255,0.745,1.0
2025-12-11T01:18:42.127149,0.255,0.745,1.0
2025-12-11T01:18:42.741062,0.255,0.745,1.0
2025-12-11T01:18:43.355309,0.255,0.745,1.0
2025-12-11T01:18:43.969568,0.255,0.745,1.0
2025-12-11T01:18:44.582233,0.25,0.755,1.005
2025-12-11T01:18:45.211227,0.245,0.755,1.0
2025-12-11T01:18:45.826884,0.25,0.75,1.0
2025-12-11T01:18:46.438615,0.25,0.75,1.0
2025-12-11T01:18:47.052727,0.245,0.745,0.99
2025-12-11T01:18:47.661258,0.265,0.735,1.0
2025-12-11T01:18:48.274132,0.255,0.745,1.0
2025-12-11T01:18:48.886752,0.245,0.755,1.0
2025-12-11T01:18:49.501008,0.245,0.755,1.0
2025-12-11T01:18:50.115247,0.265,0.735,1.0
2025-12-11T01:18:50.735373,0.29,0.71,1.0
2025-12-11T01:18:51.350751,0.295,0.705,1.0
2025-12-11T01:18:51.974133,0.285,0.715,1.0
2025-12-11T01:18:52.590462,0.285,0.715,1.0
2025-12-11T01:18:53.204283,0.29,0.71,1.0
2025-12-11T01:18:53.819078,0.285,0.715,1.0
2025-12-11T01:18:54.443321,0.285,0.715,1.0
2025-12-11T01:18:55.069422,0.275,0.72,0.995
2025-12-11T01:18:55.680536,0.275,0.725,1.0
2025-12-11T01:18:56.299550,0.28,0.72,1.0
2025-12-11T01:18:56.919212,0.28,0.72,1.0
2025-12-11T01:18:57.529542,0.275,0.725,1.0
2025-12-11T01:18:58.155102,0.275,0.725,1.0
2025-12-11T01:18:58.764918,0.275,0.725,1.0
2025-12-11T01:18:59.376424,0.275,0.725,1.0
2025-12-11T01:18:59.999838,0.275,0.725,1.0
2025-12-11T01:19:00.606562,0.275,0.725,1.0
2025-12-11T01:19:01.219266,0.275,0.725,1.0
2025-12-11T01:19:01.825924,0.275,0.725,1.0
2025-12-11T01:19:02.437395,0.275,0.725,1.0
2025-12-11T01:19:01.496099,0.285,0.715,1.0
2025-12-11T01:19:02.111703,0.28,0.72,1.0
2025-12-11T01:19:02.713804,0.275,0.725,1.0
2025-12-11T01:19:03.320459,0.28,0.72,1.0
2025-12-11T01:19:03.924861,0.28,0.72,1.0
2025-12-11T01:19:04.535832,0.28,0.72,1.0
2025-12-11T01:19:05.160213,0.28,0.72,1.0
2025-12-11T01:19:05.774313,0.285,0.715,1.0
2025-12-11T01:19:06.379950,0.285,0.715,1.0
2025-12-11T01:19:06.977909,0.315,0.685,1.0
2025-12-11T01:19:07.587733,0.315,0.685,1.0
2025-12-11T01:19:08.207160,0.315,0.685,1.0
2025-12-11T01:19:08.825002,0.315,0.685,1.0
2025-12-11T01:19:09.426954,0.32,0.68,1.0
2025-12-11T01:19:10.054286,0.315,0.685,1.0
2025-12-11T01:19:10.662459,0.315,0.685,1.0
2025-12-11T01:19:11.268220,0.315,0.685,1.0
2025-12-11T01:19:11.875143,0.315,0.685,1.0
2025-12-11T01:19:12.480118,0.315,0.685,1.0
2025-12-11T01:19:13.085383,0.32,0.68,1.0
2025-12-11T01:19:13.697205,0.325,0.675,1.0
2025-12-11T01:19:14.305929,0.295,0.7,0.9949999999999999
2025-12-11T01:19:14.912534,0.295,0.705,1.0
2025-12-11T01:19:15.511609,0.295,0.705,1.0
2025-12-11T01:19:16.116385,0.28,0.72,1.0
2025-12-11T01:19:16.722131,0.28,0.72,1.0
2025-12-11T01:19:17.335494,0.28,0.72,1.0
2025-12-11T01:19:17.946421,0.265,0.735,1.0
2025-12-11T01:19:18.554601,0.265,0.735,1.0
2025-12-11T01:19:19.164818,0.265,0.735,1.0
2025-12-11T01:19:19.762964,0.265,0.735,1.0
2025-12-11T01:19:20.374981,0.255,0.745,1.0
2025-12-11T01:19:20.979501,0.255,0.745,1.0
2025-12-11T01:19:21.581868,0.255,0.745,1.0
2025-12-11T01:19:22.203622,0.255,0.745,1.0
2025-12-11T01:19:22.815789,0.255,0.745,1.0
2025-12-11T01:19:23.429743,0.255,0.745,1.0
2025-12-11T01:19:24.040171,0.255,0.745,1.0
2025-12-11T01:19:24.675075,0.245,0.755,1.0
2025-12-11T01:19:25.287217,0.245,0.755,1.0
2025-12-11T01:19:25.902191,0.245,0.755,1.0
2025-12-11T01:19:26.521075,0.235,0.765,1.0
2025-12-11T01:19:27.130082,0.235,0.765,1.0
2025-12-11T01:19:27.755698,0.235,0.765,1.0
2025-12-11T01:19:28.371171,0.225,0.775,1.0
2025-12-11T01:19:28.986182,0.225,0.775,1.0
2025-12-11T01:19:29.601982,0.225,0.775,1.0
2025-12-11T01:19:30.219275,0.225,0.775,1.0
2025-12-11T01:19:30.837994,0.225,0.775,1.0
2025-12-11T01:19:31.463662,0.225,0.775,1.0
2025-12-11T01:19:32.091542,0.205,0.795,1.0
2025-12-11T01:19:32.704965,0.205,0.795,1.0
2025-12-11T01:19:33.320418,0.205,0.795,1.0
2025-12-11T01:19:32.388593,0.205,0.795,1.0
2025-12-11T01:19:33.005859,0.205,0.795,1.0
2025-12-11T01:19:33.614123,0.205,0.795,1.0
2025-12-11T01:19:34.233278,0.205,0.795,1.0
2025-12-11T01:19:34.848921,0.185,0.815,1.0
2025-12-11T01:19:35.459025,0.185,0.815,1.0
2025-12-11T01:19:36.071293,0.185,0.815,1.0
2025-12-11T01:19:36.675976,0.175,0.825,1.0
2025-12-11T01:19:37.325582,0.175,0.825,1.0
2025-12-11T01:19:37.935206,0.175,0.825,1.0
2025-12-11T01:19:38.548935,0.175,0.825,1.0
2025-12-11T01:19:39.165677,0.185,0.815,1.0
2025-12-11T01:19:39.782621,0.185,0.815,1.0
2025-12-11T01:19:40.395336,0.195,0.805,1.0
2025-12-11T01:19:41.011025,0.185,0.815,1.0
2025-12-11T01:19:41.615691,0.185,0.815,1.0
2025-12-11T01:19:42.231783,0.185,0.815,1.0
2025-12-11T01:19:42.845119,0.185,0.815,1.0
2025-12-11T01:19:43.464011,0.185,0.815,1.0
2025-12-11T01:19:44.082157,0.195,0.805,1.0
2025-12-11T01:19:44.707702,0.195,0.805,1.0
2025-12-11T01:19:45.331647,0.205,0.795,1.0
2025-12-11T01:19:45.947344,0.225,0.775,1.0
2025-12-11T01:19:46.558762,0.225,0.78,1.0050000000000001
2025-12-11T01:19:47.158344,0.215,0.785,1.0
2025-12-11T01:19:47.773785,0.215,0.785,1.0
2025-12-11T01:19:48.391061,0.215,0.785,1.0
2025-12-11T01:19:49.007469,0.215,0.795,1.01
2025-12-11T01:19:49.606654,0.205,0.795,1.0
2025-12-11T01:19:50.225515,0.195,0.805,1.0
2025-12-11T01:19:50.848300,0.185,0.815,1.0
2025-12-11T01:19:51.467036,0.185,0.815,1.0
2025-12-11T01:19:52.088752,0.19,0.81,1.0
2025-12-11T01:19:52.703917,0.2,0.8,1.0
2025-12-11T01:19:53.322854,0.195,0.805,1.0
2025-12-11T01:19:53.934267,0.195,0.805,1.0
2025-12-11T01:19:54.553135,0.2,0.8,1.0
2025-12-11T01:19:55.170494,0.195,0.805,1.0
2025-12-11T01:19:55.782321,0.195,0.805,1.0
2025-12-11T01:19:56.399080,0.185,0.815,1.0
2025-12-11T01:19:57.009834,0.185,0.815,1.0
2025-12-11T01:19:57.620749,0.185,0.815,1.0
2025-12-11T01:19:58.224050,0.195,0.805,1.0
2025-12-11T01:19:58.837996,0.195,0.805,1.0
2025-12-11T01:19:59.459611,0.195,0.805,1.0
2025-12-11T01:20:00.086223,0.195,0.805,1.0
2025-12-11T01:20:00.702982,0.195,0.805,1.0
2025-12-11T01:20:01.313729,0.195,0.805,1.0
2025-12-11T01:20:01.925735,0.195,0.805,1.0
2025-12-11T01:20:02.570902,0.175,0.825,1.0
2025-12-11T01:20:03.182297,0.165,0.835,1.0
2025-12-11T01:20:03.794868,0.175,0.825,1.0
2025-12-11T01:20:02.871228,0.175,0.825,1.0
2025-12-11T01:20:03.490176,0.185,0.815,1.0
2025-12-11T01:20:04.093686,0.185,0.815,1.0
2025-12-11T01:20:04.713045,0.185,0.815,1.0
2025-12-11T01:20:05.347959,0.17,0.83,1.0
2025-12-11T01:20:05.959759,0.18,0.82,1.0
2025-12-11T01:20:06.578189,0.18,0.82,1.0
2025-12-11T01:20:07.200527,0.195,0.805,1.0
2025-12-11T01:20:07.817732,0.195,0.805,1.0
2025-12-11T01:20:08.434894,0.195,0.805,1.0
2025-12-11T01:20:09.050359,0.195,0.805,1.0
2025-12-11T01:20:09.671200,0.195,0.805,1.0
2025-12-11T01:20:10.287772,0.17,0.83,1.0
2025-12-11T01:20:10.899944,0.165,0.835,1.0
2025-12-11T01:20:11.510016,0.165,0.835,1.0
2025-12-11T01:20:12.114636,0.17,0.83,1.0
2025-12-11T01:20:12.726758,0.165,0.835,1.0
2025-12-11T01:20:13.341389,0.165,0.83,0.995
2025-12-11T01:20:13.958896,0.175,0.825,1.0
2025-12-11T01:20:14.570182,0.175,0.825,1.0
2025-12-11T01:20:15.182650,0.175,0.825,1.0
2025-12-11T01:20:15.794438,0.175,0.825,1.0
2025-12-11T01:20:16.401684,0.17,0.83,1.0
2025-12-11T01:20:17.030021,0.18,0.815,0.9949999999999999
2025-12-11T01:20:17.661863,0.185,0.815,1.0
2025-12-11T01:20:18.282181,0.185,0.82,1.005
2025-12-11T01:20:18.901151,0.175,0.825,1.0
2025-12-11T01:20:19.527003,0.175,0.825,1.0
2025-12-11T01:20:20.134989,0.165,0.835,1.0
2025-12-11T01:20:20.756117,0.165,0.835,1.0
2025-12-11T01:20:21.368506,0.165,0.835,1.0
2025-12-11T01:20:21.982991,0.165,0.835,1.0
2025-12-11T01:20:22.593691,0.165,0.835,1.0
2025-12-11T01:20:23.219063,0.165,0.835,1.0
2025-12-11T01:20:23.834107,0.165,0.835,1.0
2025-12-11T01:20:24.461263,0.165,0.835,1.0
2025-12-11T01:20:25.080453,0.165,0.835,1.0
2025-12-11T01:20:25.692804,0.155,0.845,1.0
2025-12-11T01:20:26.308138,0.155,0.845,1.0
2025-12-11T01:20:26.933127,0.155,0.845,1.0
2025-12-11T01:20:27.556944,0.15,0.85,1.0
2025-12-11T01:20:28.166950,0.145,0.855,1.0
2025-12-11T01:20:28.782380,0.145,0.855,1.0
2025-12-11T01:20:29.394915,0.145,0.855,1.0
2025-12-11T01:20:30.007253,0.145,0.855,1.0
2025-12-11T01:20:30.616371,0.145,0.85,0.995
2025-12-11T01:20:31.226545,0.145,0.855,1.0
2025-12-11T01:20:31.836319,0.145,0.855,1.0
2025-12-11T01:20:32.446159,0.155,0.845,1.0
2025-12-11T01:20:33.148603,0.155,0.845,1.0
2025-12-11T01:20:33.771627,0.15,0.85,1.0
2025-12-11T01:20:34.395478,0.145,0.855,1.0
2025-12-11T01:20:33.462176,0.145,0.855,1.0
2025-12-11T01:20:34.091848,0.145,0.855,1.0
2025-12-11T01:20:34.707158,0.145,0.855,1.0
2025-12-11T01:20:35.317947,0.145,0.855,1.0
2025-12-11T01:20:35.933557,0.145,0.855,1.0
2025-12-11T01:20:36.549739,0.145,0.855,1.0
2025-12-11T01:20:37.170554,0.145,0.855,1.0
2025-12-11T01:20:37.786256,0.145,0.855,1.0
2025-12-11T01:20:38.397823,0.145,0.855,1.0
2025-12-11T01:20:39.021860,0.145,0.855,1.0
2025-12-11T01:20:39.631355,0.15,0.85,1.0
2025-12-11T01:20:40.240474,0.145,0.855,1.0
2025-12-11T01:20:40.879752,0.155,0.845,1.0
2025-12-11T01:20:41.485728,0.155,0.845,1.0
2025-12-11T01:20:42.106591,0.155,0.845,1.0
2025-12-11T01:20:42.712950,0.155,0.845,1.0
2025-12-11T01:20:43.315347,0.155,0.845,1.0
2025-12-11T01:20:43.938057,0.155,0.845,1.0
2025-12-11T01:20:44.551222,0.155,0.845,1.0
2025-12-11T01:20:45.166396,0.155,0.845,1.0
2025-12-11T01:20:45.773479,0.155,0.845,1.0
2025-12-11T01:20:46.386921,0.155,0.845,1.0
2025-12-11T01:20:47.005085,0.155,0.845,1.0
2025-12-11T01:20:47.622867,0.155,0.845,1.0
2025-12-11T01:20:48.237818,0.145,0.855,1.0
2025-12-11T01:20:48.857611,0.14,0.855,0.995
2025-12-11T01:20:49.478578,0.145,0.855,1.0
2025-12-11T01:20:50.095231,0.145,0.855,1.0
2025-12-11T01:20:50.707084,0.145,0.855,1.0
2025-12-11T01:20:51.315760,0.145,0.855,1.0
2025-12-11T01:20:51.923761,0.145,0.855,1.0
2025-12-11T01:20:52.532735,0.135,0.865,1.0
2025-12-11T01:20:53.154745,0.15,0.85,1.0
2025-12-11T01:20:53.758063,0.145,0.855,1.0
2025-12-11T01:20:54.366534,0.145,0.855,1.0
2025-12-11T01:20:54.989580,0.135,0.865,1.0
2025-12-11T01:20:55.614042,0.135,0.865,1.0
2025-12-11T01:20:56.226707,0.13,0.87,1.0
2025-12-11T01:20:56.836102,0.145,0.855,1.0
2025-12-11T01:20:57.466370,0.125,0.87,0.995
2025-12-11T01:20:58.085367,0.125,0.875,1.0
2025-12-11T01:20:58.695503,0.125,0.875,1.0
2025-12-11T01:20:59.306173,0.125,0.875,1.0
2025-12-11T01:20:59.920942,0.125,0.875,1.0
2025-12-11T01:21:00.531303,0.125,0.875,1.0
2025-12-11T01:21:01.158737,0.125,0.875,1.0
2025-12-11T01:21:01.782065,0.135,0.865,1.0
2025-12-11T01:21:02.390096,0.135,0.865,1.0
2025-12-11T01:21:03.001067,0.135,0.865,1.0
2025-12-11T01:21:03.609617,0.125,0.875,1.0
2025-12-11T01:21:04.220195,0.125,0.875,1.0
2025-12-11T01:21:04.823490,0.125,0.875,1.0
2025-12-11T01:21:05.431855,0.125,0.89,1.0150000000000001
2025-12-11T01:21:04.477517,0.105,0.895,1.0
2025-12-11T01:21:05.087926,0.105,0.895,1.0
2025-12-11T01:21:05.690079,0.095,0.905,1.0
2025-12-11T01:21:06.296914,0.105,0.895,1.0
2025-12-11T01:21:06.903222,0.105,0.895,1.0
2025-12-11T01:21:07.513207,0.105,0.895,1.0
2025-12-11T01:21:08.128461,0.105,0.895,1.0
2025-12-11T01:21:08.734003,0.105,0.895,1.0
2025-12-11T01:21:09.340146,0.105,0.895,1.0
2025-12-11T01:21:09.951510,0.095,0.905,1.0
2025-12-11T01:21:10.559193,0.11,0.89,1.0
2025-12-11T01:21:11.174312,0.11,0.89,1.0
2025-12-11T01:21:11.787570,0.105,0.895,1.0
2025-12-11T01:21:12.400577,0.095,0.905,1.0
2025-12-11T01:21:13.010523,0.095,0.905,1.0
2025-12-11T01:21:13.619997,0.1,0.9,1.0
2025-12-11T01:21:14.221395,0.095,0.905,1.0
2025-12-11T01:21:14.823747,0.095,0.905,1.0
2025-12-11T01:21:15.426881,0.1,0.9,1.0
2025-12-11T01:21:16.034175,0.1,0.9,1.0
2025-12-11T01:21:16.638356,0.1,0.9,1.0
2025-12-11T01:21:17.244568,0.1,0.9,1.0
2025-12-11T01:21:17.843390,0.095,0.905,1.0
2025-12-11T01:21:18.449413,0.095,0.905,1.0
2025-12-11T01:21:19.056383,0.095,0.905,1.0
2025-12-11T01:21:19.662645,0.095,0.905,1.0
2025-12-11T01:21:20.268557,0.085,0.915,1.0
2025-12-11T01:21:20.871286,0.09,0.905,0.995
2025-12-11T01:21:21.473881,0.09,0.905,0.995
2025-12-11T01:21:22.081962,0.09,0.915,1.0050000000000001
2025-12-11T01:21:22.703925,0.085,0.915,1.0
2025-12-11T01:21:23.317312,0.085,0.91,0.995
2025-12-11T01:21:23.969790,0.095,0.905,1.0
2025-12-11T01:21:24.585551,0.095,0.9,0.995
2025-12-11T01:21:25.201492,0.1,0.9,1.0
2025-12-11T01:21:25.812385,0.1,0.9,1.0
2025-12-11T01:21:26.417197,0.1,0.9,1.0
2025-12-11T01:21:27.025800,0.105,0.895,1.0
2025-12-11T01:21:27.644656,0.11,0.89,1.0
2025-12-11T01:21:28.255031,0.115,0.885,1.0
2025-12-11T01:21:28.863324,0.11,0.89,1.0
2025-12-11T01:21:29.466832,0.11,0.89,1.0
2025-12-11T01:21:30.077551,0.105,0.895,1.0
2025-12-11T01:21:30.693862,0.095,0.905,1.0
2025-12-11T01:21:31.308241,0.1,0.9,1.0
2025-12-11T01:21:31.926059,0.1,0.9,1.0
2025-12-11T01:21:32.546029,0.1,0.9,1.0
2025-12-11T01:21:33.169302,0.095,0.905,1.0
2025-12-11T01:21:33.772349,0.095,0.905,1.0
2025-12-11T01:21:34.371512,0.085,0.915,1.0
2025-12-11T01:21:34.978219,0.085,0.915,1.0
2025-12-11T01:21:35.583174,0.09,0.91,1.0
2025-12-11T01:21:36.190245,0.085,0.915,1.0
2025-12-11T01:21:35.207769,0.085,0.915,1.0
2025-12-11T01:21:35.817300,0.085,0.915,1.0
2025-12-11T01:21:36.422116,0.085,0.915,1.0
2025-12-11T01:21:37.037233,0.085,0.915,1.0
2025-12-11T01:21:37.642173,0.085,0.915,1.0
2025-12-11T01:21:38.250003,0.085,0.915,1.0
2025-12-11T01:21:38.858541,0.09,0.915,1.0050000000000001
2025-12-11T01:21:39.460368,0.085,0.915,1.0
2025-12-11T01:21:40.067365,0.085,0.915,1.0
2025-12-11T01:21:40.672742,0.085,0.915,1.0
2025-12-11T01:21:41.278378,0.085,0.915,1.0
2025-12-11T01:21:41.889610,0.095,0.905,1.0
2025-12-11T01:21:42.500827,0.09,0.915,1.0050000000000001
2025-12-11T01:21:43.115163,0.085,0.915,1.0
2025-12-11T01:21:43.736762,0.085,0.915,1.0
2025-12-11T01:21:44.367204,0.075,0.925,1.0
2025-12-11T01:21:44.992198,0.075,0.925,1.0
2025-12-11T01:21:45.605993,0.075,0.925,1.0
2025-12-11T01:21:46.220154,0.075,0.925,1.0
2025-12-11T01:21:46.843955,0.075,0.925,1.0
2025-12-11T01:21:47.456520,0.075,0.925,1.0
2025-12-11T01:21:48.071313,0.075,0.925,1.0
2025-12-11T01:21:48.683535,0.075,0.925,1.0
2025-12-11T01:21:49.293062,0.075,0.925,1.0
2025-12-11T01:21:49.915756,0.075,0.925,1.0
2025-12-11T01:21:50.530230,0.075,0.925,1.0
2025-12-11T01:21:51.149410,0.075,0.925,1.0
2025-12-11T01:21:51.758836,0.075,0.925,1.0
2025-12-11T01:21:52.372902,0.075,0.925,1.0
2025-12-11T01:21:52.989235,0.075,0.925,1.0
2025-12-11T01:21:53.605079,0.075,0.925,1.0
2025-12-11T01:21:54.233781,0.075,0.925,1.0
2025-12-11T01:21:54.867062,0.075,0.925,1.0
2025-12-11T01:21:55.483348,0.065,0.935,1.0
2025-12-11T01:21:56.097866,0.065,0.94,1.005
2025-12-11T01:21:56.718690,0.075,0.925,1.0
2025-12-11T01:21:57.336608,0.07,0.93,1.0
2025-12-11T01:21:57.967015,0.07,0.93,1.0
2025-12-11T01:21:58.581731,0.07,0.93,1.0
2025-12-11T01:21:59.199720,0.075,0.925,1.0
2025-12-11T01:21:59.818339,0.065,0.935,1.0
2025-12-11T01:22:00.440588,0.055,0.935,0.9900000000000001
2025-12-11T01:22:01.061195,0.065,0.935,1.0
2025-12-11T01:22:01.676587,0.065,0.935,1.0
2025-12-11T01:22:02.287245,0.06,0.94,1.0
2025-12-11T01:22:02.902300,0.055,0.945,1.0
2025-12-11T01:22:03.524339,0.055,0.945,1.0
2025-12-11T01:22:04.140371,0.055,0.945,1.0
2025-12-11T01:22:04.749468,0.055,0.945,1.0
2025-12-11T01:22:05.360656,0.055,0.945,1.0
2025-12-11T01:22:05.992477,0.06,0.935,0.9950000000000001
2025-12-11T01:22:06.600861,0.065,0.935,1.0
2025-12-11T01:22:05.649682,0.065,0.935,1.0
2025-12-11T01:22:06.274629,0.065,0.935,1.0
2025-12-11T01:22:06.893964,0.065,0.935,1.0
2025-12-11T01:22:07.504799,0.065,0.935,1.0
2025-12-11T01:22:08.119556,0.065,0.935,1.0
2025-12-11T01:22:08.729033,0.075,0.925,1.0
2025-12-11T01:22:09.340360,0.075,0.925,1.0
2025-12-11T01:22:09.952537,0.075,0.935,1.01
2025-12-11T01:22:10.581070,0.065,0.935,1.0
2025-12-11T01:22:11.187482,0.065,0.935,1.0
2025-12-11T01:22:11.803327,0.07,0.93,1.0
2025-12-11T01:22:12.417598,0.07,0.93,1.0
2025-12-11T01:22:13.026098,0.065,0.935,1.0
2025-12-11T01:22:13.638720,0.07,0.925,0.9950000000000001
2025-12-11T01:22:14.248938,0.075,0.925,1.0
2025-12-11T01:22:14.863847,0.075,0.925,1.0
2025-12-11T01:22:15.474991,0.07,0.93,1.0
2025-12-11T01:22:16.083719,0.065,0.935,1.0
2025-12-11T01:22:16.700340,0.075,0.925,1.0
2025-12-11T01:22:17.349865,0.065,0.935,1.0
2025-12-11T01:22:17.968140,0.065,0.935,1.0
2025-12-11T01:22:18.579617,0.065,0.935,1.0
2025-12-11T01:22:19.194828,0.065,0.935,1.0
2025-12-11T01:22:19.818140,0.07,0.93,1.0
2025-12-11T01:22:20.437814,0.07,0.93,1.0
2025-12-11T01:22:21.051241,0.07,0.935,1.0050000000000001
2025-12-11T01:22:21.644403,0.065,0.935,1.0
2025-12-11T01:22:22.261202,0.075,0.925,1.0
2025-12-11T01:22:22.879231,0.075,0.925,1.0
2025-12-11T01:22:23.507400,0.065,0.935,1.0
2025-12-11T01:22:24.124255,0.065,0.935,1.0
2025-12-11T01:22:24.747102,0.075,0.925,1.0
2025-12-11T01:22:25.371249,0.075,0.925,1.0
2025-12-11T01:22:25.977187,0.075,0.925,1.0
2025-12-11T01:22:26.589694,0.075,0.925,1.0
2025-12-11T01:22:27.208815,0.075,0.925,1.0
2025-12-11T01:22:27.818728,0.075,0.925,1.0
2025-12-11T01:22:28.435768,0.065,0.935,1.0
2025-12-11T01:22:29.051280,0.07,0.93,1.0
2025-12-11T01:22:29.668193,0.075,0.925,1.0
2025-12-11T01:22:30.286249,0.07,0.93,1.0
2025-12-11T01:22:30.898215,0.065,0.935,1.0
2025-12-11T01:22:31.512113,0.07,0.93,1.0
2025-12-11T01:22:32.126872,0.07,0.935,1.0050000000000001
2025-12-11T01:22:32.819172,0.065,0.935,1.0
2025-12-11T01:22:33.431912,0.065,0.935,1.0
2025-12-11T01:22:34.051454,0.07,0.93,1.0
2025-12-11T01:22:34.668123,0.07,0.93,1.0
2025-12-11T01:22:35.281274,0.065,0.935,1.0
2025-12-11T01:22:35.894893,0.07,0.925,0.9950000000000001
2025-12-11T01:22:36.503487,0.07,0.93,1.0
2025-12-11T01:22:37.125790,0.065,0.935,1.0
2025-12-11T01:22:36.131003,0.055,0.945,1.0
2025-12-11T01:22:37.012175,0.055,0.945,1.0
2025-12-11T01:22:37.626594,0.055,0.945,1.0
2025-12-11T01:22:38.231702,0.055,0.945,1.0
2025-12-11T01:22:38.844833,0.055,0.945,1.0
2025-12-11T01:22:39.458082,0.055,0.945,1.0
2025-12-11T01:22:40.068956,0.055,0.945,1.0
2025-12-11T01:22:40.679715,0.05,0.95,1.0
2025-12-11T01:22:41.295137,0.05,0.95,1.0
2025-12-11T01:22:41.908239,0.05,0.95,1.0
2025-12-11T01:22:42.540638,0.05,0.95,1.0
2025-12-11T01:22:43.154071,0.055,0.945,1.0
2025-12-11T01:22:43.770483,0.055,0.945,1.0
2025-12-11T01:22:44.388183,0.055,0.945,1.0
2025-12-11T01:22:45.008300,0.055,0.945,1.0
2025-12-11T01:22:45.619470,0.055,0.945,1.0
2025-12-11T01:22:46.234111,0.055,0.945,1.0
2025-12-11T01:22:46.874622,0.065,0.935,1.0
2025-12-11T01:22:47.541110,0.065,0.935,1.0
2025-12-11T01:22:48.142909,0.065,0.93,0.9950000000000001
2025-12-11T01:22:48.755824,0.075,0.925,1.0
2025-12-11T01:22:49.378436,0.08,0.915,0.995
2025-12-11T01:22:49.994310,0.085,0.915,1.0
2025-12-11T01:22:50.606773,0.085,0.915,1.0
2025-12-11T01:22:51.228016,0.09,0.91,1.0
2025-12-11T01:22:51.845330,0.09,0.91,1.0
2025-12-11T01:22:52.468931,0.08,0.92,1.0
2025-12-11T01:22:53.091771,0.08,0.92,1.0
2025-12-11T01:22:53.706400,0.08,0.92,1.0
2025-12-11T01:22:54.319194,0.08,0.92,1.0
2025-12-11T01:22:54.938430,0.08,0.92,1.0
2025-12-11T01:22:55.553349,0.08,0.92,1.0
2025-12-11T01:22:56.159101,0.08,0.92,1.0
2025-12-11T01:22:56.768470,0.08,0.92,1.0
2025-12-11T01:22:57.383132,0.08,0.92,1.0
2025-12-11T01:22:57.993820,0.08,0.92,1.0
2025-12-11T01:22:58.604817,0.08,0.92,1.0
2025-12-11T01:22:59.221512,0.08,0.92,1.0
2025-12-11T01:22:59.843719,0.08,0.92,1.0
2025-12-11T01:23:00.463026,0.08,0.925,1.0050000000000001
2025-12-11T01:23:01.083747,0.075,0.925,1.0
2025-12-11T01:23:01.706987,0.075,0.92,0.995
2025-12-11T01:23:02.348276,0.07,0.93,1.0
2025-12-11T01:23:02.961164,0.065,0.935,1.0
2025-12-11T01:23:03.575729,0.07,0.93,1.0
2025-12-11T01:23:04.183934,0.07,0.93,1.0
2025-12-11T01:23:04.799179,0.07,0.93,1.0
2025-12-11T01:23:05.424169,0.065,0.935,1.0
2025-12-11T01:23:06.044137,0.07,0.93,1.0
2025-12-11T01:23:06.657326,0.07,0.93,1.0
2025-12-11T01:23:07.276108,0.075,0.925,1.0
2025-12-11T01:23:07.884670,0.075,0.925,1.0
2025-12-11T01:23:06.950491,0.08,0.92,1.0
2025-12-11T01:23:07.563627,0.075,0.925,1.0
2025-12-11T01:23:08.183323,0.075,0.925,1.0
2025-12-11T01:23:08.795119,0.075,0.925,1.0
2025-12-11T01:23:09.409455,0.075,0.925,1.0
2025-12-11T01:23:10.016000,0.08,0.915,0.995
2025-12-11T01:23:10.614965,0.085,0.915,1.0
2025-12-11T01:23:11.233575,0.085,0.915,1.0
2025-12-11T01:23:11.853418,0.085,0.915,1.0
2025-12-11T01:23:12.469237,0.085,0.915,1.0
2025-12-11T01:23:13.086843,0.085,0.915,1.0
2025-12-11T01:23:13.696167,0.095,0.905,1.0
2025-12-11T01:23:14.324997,0.095,0.905,1.0
2025-12-11T01:23:14.936993,0.095,0.905,1.0
2025-12-11T01:23:15.549423,0.095,0.905,1.0
2025-12-11T01:23:16.161807,0.095,0.905,1.0
2025-12-11T01:23:16.777400,0.1,0.9,1.0
2025-12-11T01:23:17.382061,0.105,0.895,1.0
2025-12-11T01:23:17.982176,0.105,0.895,1.0
2025-12-11T01:23:18.576217,0.105,0.895,1.0
2025-12-11T01:23:19.190874,0.105,0.895,1.0
2025-12-11T01:23:19.804602,0.105,0.895,1.0
2025-12-11T01:23:20.407195,0.105,0.895,1.0
2025-12-11T01:23:21.024198,0.105,0.895,1.0
2025-12-11T01:23:21.642631,0.09,0.915,1.0050000000000001
2025-12-11T01:23:22.264081,0.085,0.915,1.0
2025-12-11T01:23:22.886178,0.075,0.925,1.0
2025-12-11T01:23:23.492675,0.105,0.895,1.0
2025-12-11T01:23:24.117590,0.105,0.905,1.01
2025-12-11T01:23:24.735185,0.115,0.885,1.0
2025-12-11T01:23:25.367996,0.115,0.885,1.0
2025-12-11T01:23:25.979123,0.115,0.885,1.0
2025-12-11T01:23:26.647964,0.115,0.885,1.0
2025-12-11T01:23:27.271627,0.105,0.895,1.0
2025-12-11T01:23:27.880786,0.115,0.885,1.0
2025-12-11T01:23:28.496472,0.115,0.885,1.0
2025-12-11T01:23:29.107522,0.12,0.88,1.0
2025-12-11T01:23:29.720007,0.125,0.875,1.0
2025-12-11T01:23:30.341438,0.125,0.875,1.0
2025-12-11T01:23:30.955604,0.105,0.895,1.0
2025-12-11T01:23:31.571199,0.085,0.915,1.0
2025-12-11T01:23:32.188323,0.08,0.92,1.0
2025-12-11T01:23:32.800263,0.075,0.925,1.0
2025-12-11T01:23:33.422810,0.075,0.925,1.0
2025-12-11T01:23:34.042181,0.075,0.925,1.0
2025-12-11T01:23:34.657688,0.065,0.935,1.0
2025-12-11T01:23:35.274366,0.07,0.93,1.0
2025-12-11T01:23:35.890018,0.065,0.935,1.0
2025-12-11T01:23:36.504547,0.065,0.935,1.0
2025-12-11T01:23:37.121235,0.07,0.93,1.0
2025-12-11T01:23:37.744539,0.065,0.935,1.0
2025-12-11T01:23:38.361046,0.055,0.945,1.0
2025-12-11T01:23:38.990169,0.055,0.945,1.0
2025-12-11T01:23:38.041177,0.065,0.935,1.0
2025-12-11T01:23:38.653360,0.065,0.935,1.0
2025-12-11T01:23:39.310792,0.07,0.93,1.0
2025-12-11T01:23:39.954252,0.065,0.935,1.0
2025-12-11T01:23:40.575553,0.065,0.935,1.0
2025-12-11T01:23:41.189828,0.065,0.935,1.0
2025-12-11T01:23:41.806098,0.06,0.94,1.0
2025-12-11T01:23:42.422407,0.055,0.945,1.0
2025-12-11T01:23:43.032073,0.045,0.955,1.0
2025-12-11T01:23:43.643290,0.045,0.955,1.0
2025-12-11T01:23:44.263624,0.045,0.955,1.0
2025-12-11T01:23:44.880738,0.045,0.955,1.0
2025-12-11T01:23:45.496374,0.045,0.955,1.0
2025-12-11T01:23:46.107581,0.045,0.955,1.0
2025-12-11T01:23:46.721826,0.045,0.955,1.0
2025-12-11T01:23:47.336267,0.045,0.955,1.0
2025-12-11T01:23:47.948267,0.035,0.965,1.0
2025-12-11T01:23:48.563456,0.045,0.955,1.0
2025-12-11T01:23:49.166949,0.035,0.965,1.0
2025-12-11T01:23:49.778172,0.035,0.965,1.0
2025-12-11T01:23:50.390848,0.035,0.965,1.0
2025-12-11T01:23:51.011217,0.035,0.965,1.0
2025-12-11T01:23:51.636114,0.035,0.965,1.0
2025-12-11T01:23:52.246220,0.035,0.965,1.0
2025-12-11T01:23:52.858276,0.035,0.97,1.005
2025-12-11T01:23:53.481777,0.025,0.975,1.0
2025-12-11T01:23:54.108216,0.025,0.975,1.0
2025-12-11T01:23:54.722383,0.035,0.965,1.0
2025-12-11T01:23:55.338839,0.035,0.965,1.0
2025-12-11T01:23:55.957255,0.035,0.965,1.0
2025-12-11T01:23:56.570273,0.035,0.965,1.0
2025-12-11T01:23:57.185152,0.035,0.965,1.0
2025-12-11T01:23:57.806541,0.035,0.955,0.99
2025-12-11T01:23:58.439311,0.045,0.955,1.0
2025-12-11T01:23:59.059034,0.045,0.955,1.0
2025-12-11T01:23:59.679011,0.045,0.955,1.0
2025-12-11T01:24:00.289441,0.045,0.955,1.0
2025-12-11T01:24:00.920654,0.045,0.955,1.0
2025-12-11T01:24:01.532906,0.045,0.955,1.0
2025-12-11T01:24:02.145336,0.045,0.955,1.0
2025-12-11T01:24:02.765626,0.045,0.955,1.0
2025-12-11T01:24:03.380487,0.045,0.955,1.0
2025-12-11T01:24:03.991532,0.045,0.955,1.0
2025-12-11T01:24:04.610280,0.045,0.955,1.0
2025-12-11T01:24:05.220604,0.045,0.945,0.99
2025-12-11T01:24:05.833915,0.055,0.945,1.0
2025-12-11T01:24:06.447537,0.045,0.955,1.0
2025-12-11T01:24:07.077046,0.045,0.955,1.0
2025-12-11T01:24:07.687413,0.035,0.965,1.0
2025-12-11T01:24:08.296887,0.035,0.965,1.0
2025-12-11T01:24:08.907203,0.035,0.965,1.0
2025-12-11T01:24:09.516758,0.035,0.965,1.0
2025-12-11T01:24:08.566135,0.035,0.965,1.0
2025-12-11T01:24:09.180535,0.035,0.965,1.0
2025-12-11T01:24:09.789229,0.035,0.965,1.0
2025-12-11T01:24:10.398762,0.035,0.965,1.0
2025-12-11T01:24:11.023350,0.035,0.965,1.0
2025-12-11T01:24:11.632521,0.035,0.965,1.0
2025-12-11T01:24:12.240069,0.035,0.965,1.0
2025-12-11T01:24:12.859308,0.04,0.96,1.0
2025-12-11T01:24:13.470829,0.035,0.965,1.0
2025-12-11T01:24:14.086402,0.035,0.965,1.0
2025-12-11T01:24:14.702656,0.035,0.965,1.0
2025-12-11T01:24:15.313938,0.035,0.965,1.0
2025-12-11T01:24:15.923044,0.04,0.96,1.0
2025-12-11T01:24:16.539714,0.045,0.955,1.0
2025-12-11T01:24:17.151095,0.045,0.955,1.0
2025-12-11T01:24:17.761548,0.045,0.955,1.0
2025-12-11T01:24:18.378283,0.035,0.965,1.0
2025-12-11T01:24:18.983052,0.035,0.965,1.0
2025-12-11T01:24:19.592601,0.035,0.965,1.0
2025-12-11T01:24:20.207014,0.035,0.965,1.0
2025-12-11T01:24:20.821600,0.035,0.965,1.0
2025-12-11T01:24:21.437945,0.035,0.965,1.0
2025-12-11T01:24:22.086206,0.035,0.965,1.0
2025-12-11T01:24:22.697240,0.035,0.965,1.0
2025-12-11T01:24:23.313182,0.045,0.955,1.0
2025-12-11T01:24:23.925909,0.045,0.955,1.0
2025-12-11T01:24:24.554720,0.035,0.965,1.0
2025-12-11T01:24:25.173569,0.035,0.965,1.0
2025-12-11T01:24:25.779968,0.035,0.965,1.0
2025-12-11T01:24:26.395960,0.035,0.965,1.0
2025-12-11T01:24:27.016120,0.035,0.965,1.0
2025-12-11T01:24:27.630813,0.035,0.965,1.0
2025-12-11T01:24:28.242481,0.035,0.965,1.0
2025-12-11T01:24:28.857931,0.035,0.965,1.0
2025-12-11T01:24:29.475619,0.035,0.965,1.0
2025-12-11T01:24:30.101317,0.035,0.965,1.0
2025-12-11T01:24:30.716914,0.035,0.965,1.0
2025-12-11T01:24:31.338218,0.035,0.965,1.0
2025-12-11T01:24:31.947400,0.035,0.965,1.0
2025-12-11T01:24:32.568292,0.035,0.965,1.0
2025-12-11T01:24:33.179366,0.035,0.965,1.0
2025-12-11T01:24:33.798361,0.035,0.965,1.0
2025-12-11T01:24:34.413571,0.035,0.965,1.0
2025-12-11T01:24:35.031151,0.035,0.965,1.0
2025-12-11T01:24:35.650339,0.035,0.965,1.0
2025-12-11T01:24:36.265955,0.04,0.96,1.0
2025-12-11T01:24:36.878978,0.035,0.965,1.0
2025-12-11T01:24:37.495034,0.035,0.955,0.99
2025-12-11T01:24:38.104140,0.045,0.955,1.0
2025-12-11T01:24:38.719573,0.015,0.985,1.0
2025-12-11T01:24:39.334006,0.015,0.985,1.0
2025-12-11T01:24:39.942943,0.015,0.985,1.0
2025-12-11T01:24:38.973557,0.015,0.985,1.0
2025-12-11T01:24:39.581583,0.015,0.985,1.0
2025-12-11T01:24:40.229494,0.015,0.985,1.0
2025-12-11T01:24:40.862347,0.015,0.985,1.0
2025-12-11T01:24:41.474563,0.015,0.985,1.0
2025-12-11T01:24:42.092475,0.015,0.985,1.0
2025-12-11T01:24:42.694111,0.015,0.985,1.0
2025-12-11T01:24:43.308732,0.015,0.985,1.0
2025-12-11T01:24:43.942480,0.015,0.985,1.0
2025-12-11T01:24:44.555879,0.015,0.985,1.0
2025-12-11T01:24:45.170839,0.015,0.985,1.0
2025-12-11T01:24:45.784858,0.015,0.985,1.0
2025-12-11T01:24:46.411125,0.015,0.985,1.0
2025-12-11T01:24:47.024304,0.015,0.985,1.0
2025-12-11T01:24:47.633655,0.015,0.985,1.0
2025-12-11T01:24:48.256000,0.015,0.985,1.0
2025-12-11T01:24:48.864742,0.015,0.985,1.0
2025-12-11T01:24:49.476362,0.015,0.985,1.0
2025-12-11T01:24:50.087163,0.015,0.985,1.0
2025-12-11T01:24:50.700471,0.015,0.985,1.0
2025-12-11T01:24:51.315449,0.015,0.985,1.0
2025-12-11T01:24:51.928145,0.015,0.985,1.0
2025-12-11T01:24:52.540179,0.015,0.985,1.0
2025-12-11T01:24:53.148852,0.015,0.985,1.0
2025-12-11T01:24:53.779469,0.015,0.985,1.0
2025-12-11T01:24:54.389709,0.015,0.985,1.0
2025-12-11T01:24:55.005234,0.015,0.985,1.0
2025-12-11T01:24:55.619173,0.015,0.985,1.0
2025-12-11T01:24:56.235117,0.015,0.985,1.0
2025-12-11T01:24:56.848304,0.015,0.985,1.0
2025-12-11T01:24:57.463406,0.015,0.985,1.0
2025-12-11T01:24:58.079144,0.015,0.985,1.0
2025-12-11T01:24:58.694008,0.015,0.985,1.0
2025-12-11T01:24:59.312228,0.015,0.985,1.0
2025-12-11T01:24:59.934155,0.015,0.985,1.0
2025-12-11T01:25:00.556952,0.015,0.985,1.0
2025-12-11T01:25:01.177153,0.015,0.985,1.0
2025-12-11T01:25:01.794810,0.015,0.985,1.0
2025-12-11T01:25:02.407188,0.015,0.985,1.0
2025-12-11T01:25:03.015892,0.015,0.985,1.0
2025-12-11T01:25:03.629746,0.015,0.985,1.0
2025-12-11T01:25:04.241441,0.015,0.985,1.0
2025-12-11T01:25:04.853417,0.015,0.985,1.0
2025-12-11T01:25:05.465672,0.015,0.985,1.0
2025-12-11T01:25:06.072642,0.015,0.985,1.0
2025-12-11T01:25:06.683659,0.015,0.985,1.0
2025-12-11T01:25:07.319376,0.015,0.985,1.0
2025-12-11T01:25:07.927121,0.02,0.98,1.0
2025-12-11T01:25:08.546080,0.015,0.985,1.0
2025-12-11T01:25:09.172561,0.015,0.985,1.0
2025-12-11T01:25:09.786575,0.015,0.985,1.0
2025-12-11T01:25:10.398964,0.015,0.985,1.0
2025-12-11T01:25:11.010324,0.015,0.985,1.0
2025-12-11T01:25:10.073146,0.015,0.985,1.0
2025-12-11T01:25:10.691618,0.015,0.985,1.0
2025-12-11T01:25:11.312686,0.015,0.985,1.0
2025-12-11T01:25:11.925971,0.015,0.985,1.0
2025-12-11T01:25:12.546978,0.015,0.985,1.0
2025-12-11T01:25:13.162762,0.015,0.985,1.0
2025-12-11T01:25:13.776328,0.02,0.98,1.0
2025-12-11T01:25:14.388981,0.02,0.98,1.0
2025-12-11T01:25:15.011329,0.025,0.975,1.0
2025-12-11T01:25:15.621721,0.015,0.985,1.0
2025-12-11T01:25:16.231328,0.015,0.985,1.0
2025-12-11T01:25:16.857290,0.015,0.985,1.0
2025-12-11T01:25:17.466219,0.015,0.985,1.0
2025-12-11T01:25:18.114277,0.015,0.985,1.0
2025-12-11T01:25:18.732687,0.015,0.985,1.0
2025-12-11T01:25:19.358271,0.015,0.985,1.0
2025-12-11T01:25:19.966988,0.015,0.985,1.0
2025-12-11T01:25:20.575668,0.015,0.985,1.0
2025-12-11T01:25:21.185645,0.015,0.985,1.0
2025-12-11T01:25:21.804341,0.015,0.985,1.0
2025-12-11T01:25:22.418635,0.015,0.985,1.0
2025-12-11T01:25:23.032914,0.015,0.985,1.0
2025-12-11T01:25:23.649353,0.015,0.985,1.0
2025-12-11T01:25:24.258672,0.015,0.985,1.0
2025-12-11T01:25:24.881712,0.015,0.985,1.0
2025-12-11T01:25:25.491867,0.02,0.98,1.0
2025-12-11T01:25:26.112459,0.025,0.975,1.0
2025-12-11T01:25:26.730823,0.025,0.975,1.0
2025-12-11T01:25:27.337844,0.025,0.975,1.0
2025-12-11T01:25:27.973269,0.025,0.975,1.0
2025-12-11T01:25:28.586121,0.02,0.98,1.0
2025-12-11T01:25:29.204622,0.02,0.98,1.0
2025-12-11T01:25:29.809868,0.02,0.98,1.0
2025-12-11T01:25:30.415088,0.02,0.98,1.0
2025-12-11T01:25:31.025484,0.02,0.98,1.0
2025-12-11T01:25:31.649889,0.02,0.98,1.0
2025-12-11T01:25:32.262793,0.015,0.985,1.0
2025-12-11T01:25:32.877717,0.015,0.985,1.0
2025-12-11T01:25:33.487265,0.02,0.98,1.0
2025-12-11T01:25:34.109577,0.02,0.98,1.0
2025-12-11T01:25:34.724233,0.015,0.985,1.0
2025-12-11T01:25:35.339145,0.015,0.985,1.0
2025-12-11T01:25:35.957970,0.015,0.985,1.0
2025-12-11T01:25:36.569683,0.015,0.985,1.0
2025-12-11T01:25:37.180873,0.015,0.985,1.0
2025-12-11T01:25:37.787585,0.015,0.985,1.0
2025-12-11T01:25:38.402939,0.015,0.985,1.0
2025-12-11T01:25:39.024515,0.015,0.985,1.0
2025-12-11T01:25:39.645738,0.02,0.98,1.0
2025-12-11T01:25:40.261126,0.015,0.985,1.0
2025-12-11T01:25:40.872639,0.015,0.985,1.0
2025-12-11T01:25:41.509472,0.015,0.985,1.0
2025-12-11T01:25:40.578806,0.015,0.985,1.0
2025-12-11T01:25:41.194880,0.015,0.985,1.0
2025-12-11T01:25:41.803562,0.015,0.985,1.0
2025-12-11T01:25:42.418047,0.015,0.985,1.0
2025-12-11T01:25:43.027536,0.015,0.985,1.0
2025-12-11T01:25:43.639450,0.015,0.985,1.0
2025-12-11T01:25:44.253407,0.015,0.985,1.0
2025-12-11T01:25:44.871844,0.015,0.985,1.0
2025-12-11T01:25:45.484023,0.015,0.985,1.0
2025-12-11T01:25:46.099853,0.015,0.985,1.0
2025-12-11T01:25:46.709010,0.015,0.985,1.0
2025-12-11T01:25:47.324735,0.015,0.985,1.0
2025-12-11T01:25:47.947389,0.015,0.985,1.0
2025-12-11T01:25:48.562441,0.015,0.985,1.0
2025-12-11T01:25:49.186062,0.015,0.985,1.0
2025-12-11T01:25:49.802214,0.015,0.985,1.0
2025-12-11T01:25:50.415593,0.015,0.985,1.0
2025-12-11T01:25:51.047354,0.015,0.985,1.0
2025-12-11T01:25:51.658778,0.015,0.985,1.0
2025-12-11T01:25:52.269994,0.015,0.985,1.0
2025-12-11T01:25:52.911883,0.015,0.985,1.0
2025-12-11T01:25:53.535344,0.015,0.985,1.0
2025-12-11T01:25:54.146243,0.015,0.985,1.0
2025-12-11T01:25:54.748912,0.015,0.985,1.0
2025-12-11T01:25:55.361027,0.015,0.985,1.0
2025-12-11T01:25:55.988275,0.015,0.985,1.0
2025-12-11T01:25:56.609449,0.015,0.985,1.0
2025-12-11T01:25:57.219694,0.015,0.985,1.0
2025-12-11T01:25:57.844044,0.015,0.985,1.0
2025-12-11T01:25:58.452698,0.015,0.985,1.0
2025-12-11T01:25:59.078426,0.015,0.985,1.0
2025-12-11T01:25:59.694115,0.015,0.985,1.0
2025-12-11T01:26:00.313051,0.015,0.985,1.0
2025-12-11T01:26:00.932476,0.015,0.985,1.0
2025-12-11T01:26:01.563878,0.015,0.985,1.0
2025-12-11T01:26:02.184768,0.015,0.985,1.0
2025-12-11T01:26:02.778481,0.015,0.985,1.0
2025-12-11T01:26:03.395065,0.015,0.985,1.0
2025-12-11T01:26:04.008857,0.015,0.985,1.0
2025-12-11T01:26:04.627770,0.015,0.985,1.0
2025-12-11T01:26:05.243744,0.015,0.985,1.0
2025-12-11T01:26:05.860440,0.015,0.985,1.0
2025-12-11T01:26:06.468988,0.015,0.98,0.995
2025-12-11T01:26:07.124981,0.02,0.98,1.0
2025-12-11T01:26:07.752837,0.02,0.98,1.0
2025-12-11T01:26:08.369810,0.02,0.98,1.0
2025-12-11T01:26:08.986292,0.025,0.975,1.0
2025-12-11T01:26:09.594223,0.025,0.975,1.0
2025-12-11T01:26:10.221337,0.025,0.975,1.0
2025-12-11T01:26:10.886708,0.025,0.975,1.0
2025-12-11T01:26:11.513777,0.025,0.975,1.0
2025-12-11T01:26:12.123991,0.025,0.975,1.0
2025-12-11T01:26:11.174239,0.025,0.975,1.0
2025-12-11T01:26:11.793900,0.025,0.975,1.0
2025-12-11T01:26:12.407868,0.035,0.965,1.0
2025-12-11T01:26:13.025026,0.035,0.965,1.0
2025-12-11T01:26:13.636520,0.025,0.975,1.0
2025-12-11T01:26:14.249753,0.03,0.97,1.0
2025-12-11T01:26:14.878035,0.03,0.97,1.0
2025-12-11T01:26:15.493358,0.03,0.97,1.0
2025-12-11T01:26:16.109770,0.025,0.975,1.0
2025-12-11T01:26:16.719939,0.025,0.975,1.0
2025-12-11T01:26:17.335049,0.025,0.975,1.0
2025-12-11T01:26:17.958819,0.025,0.975,1.0
2025-12-11T01:26:18.620620,0.025,0.975,1.0
2025-12-11T01:26:19.239534,0.025,0.975,1.0
2025-12-11T01:26:19.852433,0.025,0.975,1.0
2025-12-11T01:26:20.462256,0.025,0.975,1.0
2025-12-11T01:26:21.073308,0.025,0.975,1.0
2025-12-11T01:26:21.696010,0.025,0.975,1.0
2025-12-11T01:26:22.323569,0.025,0.975,1.0
2025-12-11T01:26:22.938509,0.025,0.975,1.0
2025-12-11T01:26:23.558169,0.025,0.975,1.0
2025-12-11T01:26:24.172363,0.025,0.975,1.0
2025-12-11T01:26:24.785890,0.025,0.975,1.0
2025-12-11T01:26:25.392954,0.025,0.975,1.0
2025-12-11T01:26:26.010235,0.025,0.975,1.0
2025-12-11T01:26:26.656231,0.025,0.975,1.0
2025-12-11T01:26:27.283511,0.025,0.975,1.0
2025-12-11T01:26:27.899819,0.025,0.975,1.0
2025-12-11T01:26:28.518922,0.025,0.975,1.0
2025-12-11T01:26:29.136442,0.025,0.975,1.0
2025-12-11T01:26:29.753789,0.025,0.975,1.0
2025-12-11T01:26:30.367252,0.025,0.975,1.0
2025-12-11T01:26:30.985166,0.025,0.975,1.0
2025-12-11T01:26:31.599989,0.025,0.975,1.0
2025-12-11T01:26:32.217658,0.025,0.975,1.0
2025-12-11T01:26:32.829225,0.025,0.975,1.0
2025-12-11T01:26:33.441491,0.025,0.975,1.0
2025-12-11T01:26:34.065365,0.025,0.975,1.0
2025-12-11T01:26:34.691708,0.025,0.975,1.0
2025-12-11T01:26:35.294632,0.025,0.975,1.0
2025-12-11T01:26:35.905125,0.025,0.975,1.0
2025-12-11T01:26:36.522101,0.025,0.975,1.0
2025-12-11T01:26:37.134921,0.025,0.975,1.0
2025-12-11T01:26:37.757443,0.025,0.975,1.0
2025-12-11T01:26:38.367859,0.025,0.975,1.0
2025-12-11T01:26:38.982665,0.025,0.975,1.0
2025-12-11T01:26:39.601305,0.025,0.975,1.0
2025-12-11T01:26:40.214579,0.025,0.975,1.0
2025-12-11T01:26:40.827040,0.025,0.975,1.0
2025-12-11T01:26:41.446906,0.025,0.975,1.0
2025-12-11T01:26:42.058782,0.025,0.975,1.0
2025-12-11T01:26:42.675159,0.025,0.975,1.0
2025-12-11T01:26:41.706000,0.025,0.975,1.0
2025-12-11T01:26:42.320069,0.025,0.975,1.0
2025-12-11T01:26:42.934239,0.025,0.975,1.0
2025-12-11T01:26:43.543339,0.025,0.975,1.0
2025-12-11T01:26:44.161183,0.015,0.985,1.0
2025-12-11T01:26:44.778018,0.015,0.985,1.0
2025-12-11T01:26:45.388696,0.015,0.985,1.0
2025-12-11T01:26:46.002440,0.015,0.985,1.0
2025-12-11T01:26:46.615997,0.015,0.985,1.0
2025-12-11T01:26:47.231828,0.015,0.985,1.0
2025-12-11T01:26:47.841520,0.015,0.985,1.0
2025-12-11T01:26:48.452039,0.015,0.985,1.0
2025-12-11T01:26:49.066557,0.015,0.985,1.0
2025-12-11T01:26:49.680921,0.015,0.985,1.0
2025-12-11T01:26:50.290960,0.015,0.985,1.0
2025-12-11T01:26:50.905258,0.015,0.985,1.0
2025-12-11T01:26:51.520732,0.015,0.985,1.0
2025-12-11T01:26:52.135298,0.015,0.985,1.0
2025-12-11T01:26:52.746729,0.015,0.985,1.0
2025-12-11T01:26:53.357482,0.015,0.985,1.0
2025-12-11T01:26:53.993852,0.015,0.985,1.0
2025-12-11T01:26:54.607886,0.015,0.985,1.0
2025-12-11T01:26:55.229301,0.015,0.985,1.0
2025-12-11T01:26:55.842943,0.015,0.985,1.0
2025-12-11T01:26:56.460450,0.015,0.985,1.0
2025-12-11T01:26:57.072531,0.015,0.985,1.0
2025-12-11T01:26:57.676123,0.005,0.995,1.0
2025-12-11T01:26:58.285595,0.005,0.995,1.0
2025-12-11T01:26:58.900046,0.005,0.995,1.0
2025-12-11T01:26:59.555824,0.005,0.995,1.0
2025-12-11T01:27:00.168585,0.005,0.995,1.0
2025-12-11T01:27:00.781963,0.005,0.995,1.0
2025-12-11T01:27:01.395883,0.005,0.995,1.0
2025-12-11T01:27:02.010645,0.005,0.995,1.0
2025-12-11T01:27:02.626642,0.005,0.995,1.0
2025-12-11T01:27:03.241849,0.005,0.995,1.0
2025-12-11T01:27:03.859140,0.005,0.995,1.0
2025-12-11T01:27:04.474063,0.005,0.995,1.0
2025-12-11T01:27:05.086841,0.005,0.995,1.0
2025-12-11T01:27:05.698570,0.005,0.995,1.0
2025-12-11T01:27:06.328271,0.005,0.995,1.0
2025-12-11T01:27:06.955169,0.005,0.995,1.0
2025-12-11T01:27:07.569546,0.005,0.995,1.0
2025-12-11T01:27:08.190308,0.005,0.995,1.0
2025-12-11T01:27:08.809273,0.005,0.995,1.0
2025-12-11T01:27:09.426638,0.005,0.995,1.0
2025-12-11T01:27:10.036909,0.005,0.995,1.0
2025-12-11T01:27:10.653180,0.005,0.995,1.0
2025-12-11T01:27:11.265409,0.005,0.995,1.0
2025-12-11T01:27:11.878512,0.005,0.995,1.0
2025-12-11T01:27:12.489135,0.005,0.995,1.0
2025-12-11T01:27:13.099535,0.005,0.995,1.0
2025-12-11T01:27:13.713269,0.005,0.995,1.0
2025-12-11T01:27:12.782139,0.005,0.995,1.0
2025-12-11T01:27:13.394287,0.005,0.995,1.0
2025-12-11T01:27:14.002731,0.005,0.995,1.0
2025-12-11T01:27:14.615296,0.005,0.995,1.0
2025-12-11T01:27:15.227005,0.005,0.995,1.0
2025-12-11T01:27:15.839790,0.005,0.995,1.0
2025-12-11T01:27:16.456215,0.005,0.995,1.0
2025-12-11T01:27:17.067109,0.005,0.995,1.0
2025-12-11T01:27:17.686565,0.005,0.995,1.0
2025-12-11T01:27:18.297277,0.005,0.995,1.0
2025-12-11T01:27:18.909217,0.005,0.995,1.0
2025-12-11T01:27:19.536507,0.005,0.995,1.0
2025-12-11T01:27:20.149215,0.005,0.995,1.0
2025-12-11T01:27:20.761710,0.005,0.995,1.0
2025-12-11T01:27:21.375954,0.005,0.995,1.0
2025-12-11T01:27:21.990697,0.005,0.995,1.0
2025-12-11T01:27:22.608653,0.005,0.995,1.0
2025-12-11T01:27:23.239636,0.005,0.995,1.0
2025-12-11T01:27:23.857259,0.005,0.995,1.0
2025-12-11T01:27:24.499083,0.005,0.995,1.0
2025-12-11T01:27:25.110518,0.005,0.995,1.0
2025-12-11T01:27:25.720109,0.005,0.995,1.0
2025-12-11T01:27:26.345880,0.005,0.995,1.0
2025-12-11T01:27:26.960933,0.005,0.995,1.0
2025-12-11T01:27:27.579514,0.005,0.995,1.0
2025-12-11T01:27:28.197597,0.005,0.995,1.0
2025-12-11T01:27:28.808843,0.005,0.995,1.0
2025-12-11T01:27:29.433610,0.005,0.995,1.0
2025-12-11T01:27:30.041459,0.005,0.995,1.0
2025-12-11T01:27:30.652425,0.005,0.995,1.0
2025-12-11T01:27:31.269993,0.005,0.995,1.0
2025-12-11T01:27:31.889530,0.005,0.995,1.0
2025-12-11T01:27:32.505912,0.005,0.995,1.0
2025-12-11T01:27:33.115811,0.005,0.995,1.0
2025-12-11T01:27:33.734025,0.005,0.995,1.0
2025-12-11T01:27:34.350993,0.005,0.995,1.0
2025-12-11T01:27:34.971831,0.005,0.995,1.0
2025-12-11T01:27:35.583959,0.005,0.995,1.0
2025-12-11T01:27:36.196978,0.005,0.995,1.0
2025-12-11T01:27:36.814449,0.005,0.995,1.0
2025-12-11T01:27:37.427898,0.005,0.995,1.0
2025-12-11T01:27:38.035661,0.005,0.995,1.0
2025-12-11T01:27:38.670504,0.005,0.995,1.0
2025-12-11T01:27:39.285965,0.005,0.995,1.0
2025-12-11T01:27:39.895024,0.005,0.995,1.0
2025-12-11T01:27:40.510025,0.005,0.995,1.0
2025-12-11T01:27:41.139930,0.005,0.995,1.0
2025-12-11T01:27:41.753606,0.005,0.995,1.0
2025-12-11T01:27:42.367649,0.005,0.995,1.0
2025-12-11T01:27:42.984965,0.005,0.995,1.0
2025-12-11T01:27:43.599457,0.005,0.995,1.0
2025-12-11T01:27:44.217038,0.005,0.995,1.0
2025-12-11T01:27:43.253879,0.005,0.995,1.0
2025-12-11T01:27:43.864589,0.005,0.995,1.0
2025-12-11T01:27:44.468378,0.005,0.995,1.0
2025-12-11T01:27:45.081549,0.005,0.995,1.0
2025-12-11T01:27:45.678390,0.005,0.995,1.0
2025-12-11T01:27:46.291023,0.005,0.995,1.0
2025-12-11T01:27:46.905690,0.005,0.995,1.0
2025-12-11T01:27:47.522801,0.005,0.995,1.0
2025-12-11T01:27:48.134490,0.005,0.995,1.0
2025-12-11T01:27:48.751279,0.005,0.995,1.0
2025-12-11T01:27:49.366410,0.005,0.995,1.0
2025-12-11T01:27:49.977450,0.005,0.995,1.0
2025-12-11T01:27:50.589377,0.005,0.995,1.0
2025-12-11T01:27:51.218321,0.005,0.995,1.0
2025-12-11T01:27:51.836691,0.005,0.995,1.0
2025-12-11T01:27:52.451265,0.005,0.995,1.0
2025-12-11T01:27:53.064721,0.005,0.995,1.0
2025-12-11T01:27:53.689696,0.005,0.995,1.0
2025-12-11T01:27:54.299683,0.005,0.995,1.0
2025-12-11T01:27:54.903672,0.005,0.995,1.0
2025-12-11T01:27:55.516330,0.005,0.995,1.0
2025-12-11T01:27:56.127783,0.005,0.995,1.0
2025-12-11T01:27:56.741655,0.005,0.995,1.0
2025-12-11T01:27:57.354485,0.005,0.995,1.0
2025-12-11T01:27:57.973483,0.005,0.995,1.0
2025-12-11T01:27:58.593643,0.005,0.995,1.0
2025-12-11T01:27:59.217412,0.005,0.995,1.0
2025-12-11T01:27:59.838682,0.005,0.995,1.0
2025-12-11T01:28:00.441114,0.005,0.995,1.0
2025-12-11T01:28:01.072629,0.005,0.995,1.0
2025-12-11T01:28:01.681894,0.005,0.995,1.0
2025-12-11T01:28:02.299010,0.005,0.995,1.0
2025-12-11T01:28:02.905195,0.005,0.995,1.0
2025-12-11T01:28:03.515011,0.005,0.995,1.0
2025-12-11T01:28:04.129437,0.005,0.995,1.0
2025-12-11T01:28:04.756345,0.005,0.995,1.0
2025-12-11T01:28:05.368232,0.005,0.995,1.0
2025-12-11T01:28:05.982804,0.005,0.995,1.0
2025-12-11T01:28:06.600782,0.005,0.995,1.0
2025-12-11T01:28:07.215784,0.005,0.995,1.0
2025-12-11T01:28:07.848841,0.005,0.995,1.0
2025-12-11T01:28:08.466948,0.005,0.995,1.0
2025-12-11T01:28:09.065834,0.005,0.995,1.0
2025-12-11T01:28:09.676797,0.005,0.995,1.0
2025-12-11T01:28:10.274468,0.005,0.995,1.0
2025-12-11T01:28:10.877870,0.005,0.995,1.0
2025-12-11T01:28:11.485219,0.005,0.995,1.0
2025-12-11T01:28:12.098430,0.005,0.995,1.0
2025-12-11T01:28:12.711201,0.005,0.995,1.0
2025-12-11T01:28:13.315586,0.005,0.995,1.0
2025-12-11T01:28:13.922201,0.005,0.995,1.0
2025-12-11T01:28:14.525754,0.005,0.995,1.0
2025-12-11T01:28:15.133951,0.005,0.995,1.0
2025-12-11T01:28:14.172841,0.005,0.995,1.0
2025-12-11T01:28:14.772922,0.005,0.995,1.0
2025-12-11T01:28:15.389255,0.005,0.995,1.0
2025-12-11T01:28:15.998767,0.005,0.995,1.0
2025-12-11T01:28:16.620356,0.005,0.995,1.0
2025-12-11T01:28:17.230767,0.005,0.995,1.0
2025-12-11T01:28:17.846540,0.005,0.995,1.0
2025-12-11T01:28:18.448841,0.005,0.995,1.0
2025-12-11T01:28:19.044169,0.005,0.995,1.0
2025-12-11T01:28:19.648464,0.005,0.995,1.0
2025-12-11T01:28:20.260070,0.005,0.995,1.0
2025-12-11T01:28:20.865929,0.005,0.995,1.0
2025-12-11T01:28:21.462174,0.005,0.995,1.0
2025-12-11T01:28:22.062367,0.005,0.995,1.0
2025-12-11T01:28:22.668333,0.005,0.995,1.0
2025-12-11T01:28:23.274755,0.005,0.995,1.0
2025-12-11T01:28:23.872452,0.005,0.995,1.0
2025-12-11T01:28:24.478508,0.005,0.995,1.0
2025-12-11T01:28:25.088855,0.005,0.995,1.0
2025-12-11T01:28:25.701968,0.005,0.995,1.0
2025-12-11T01:28:26.325893,0.005,0.995,1.0
2025-12-11T01:28:26.925688,0.005,0.995,1.0
2025-12-11T01:28:27.590331,0.005,0.995,1.0
2025-12-11T01:28:28.212972,0.005,0.995,1.0
2025-12-11T01:28:28.860528,0.005,0.995,1.0
2025-12-11T01:28:29.476373,0.005,0.995,1.0
2025-12-11T01:28:30.083295,0.005,0.995,1.0
2025-12-11T01:28:30.701331,0.005,0.995,1.0
2025-12-11T01:28:31.313655,0.005,0.995,1.0
2025-12-11T01:28:31.914029,0.005,0.995,1.0
2025-12-11T01:28:32.540280,0.005,0.995,1.0
2025-12-11T01:28:33.160150,0.005,0.995,1.0
2025-12-11T01:28:33.779044,0.005,0.995,1.0
2025-12-11T01:28:34.387702,0.005,0.995,1.0
2025-12-11T01:28:34.990332,0.005,0.995,1.0
2025-12-11T01:28:35.604720,0.005,0.995,1.0
2025-12-11T01:28:36.214781,0.005,0.995,1.0
2025-12-11T01:28:36.826368,0.005,0.995,1.0
2025-12-11T01:28:37.443742,0.005,0.995,1.0
2025-12-11T01:28:38.086868,0.005,0.995,1.0
2025-12-11T01:28:38.716319,0.005,0.995,1.0
2025-12-11T01:28:39.332626,0.005,0.995,1.0
2025-12-11T01:28:39.946844,0.005,0.995,1.0
2025-12-11T01:28:40.563385,0.005,0.995,1.0
2025-12-11T01:28:41.178979,0.005,0.995,1.0
2025-12-11T01:28:41.791814,0.005,0.995,1.0
2025-12-11T01:28:42.409720,0.005,0.995,1.0
2025-12-11T01:28:43.018631,0.005,0.995,1.0
2025-12-11T01:28:43.648889,0.005,0.995,1.0
2025-12-11T01:28:44.263289,0.005,0.995,1.0
2025-12-11T01:28:44.875749,0.005,0.995,1.0
2025-12-11T01:28:45.486431,0.005,0.995,1.0
2025-12-11T01:28:44.534397,0.005,0.995,1.0
2025-12-11T01:28:45.150514,0.005,0.995,1.0
2025-12-11T01:28:45.769129,0.005,0.995,1.0
2025-12-11T01:28:46.381627,0.005,0.995,1.0
2025-12-11T01:28:46.996201,0.005,0.995,1.0
2025-12-11T01:28:47.615701,0.005,0.995,1.0
2025-12-11T01:28:48.231824,0.005,0.995,1.0
2025-12-11T01:28:48.844301,0.005,0.995,1.0
2025-12-11T01:28:49.452912,0.005,0.995,1.0
2025-12-11T01:28:50.066503,0.005,0.995,1.0
2025-12-11T01:28:50.682338,0.005,0.995,1.0
2025-12-11T01:28:51.294857,0.005,0.995,1.0
2025-12-11T01:28:51.907099,0.005,0.995,1.0
2025-12-11T01:28:52.522968,0.005,0.995,1.0
2025-12-11T01:28:53.137370,0.005,0.995,1.0
2025-12-11T01:28:53.752022,0.005,0.995,1.0
2025-12-11T01:28:54.350192,0.005,0.995,1.0
2025-12-11T01:28:54.962090,0.005,0.995,1.0
2025-12-11T01:28:55.570250,0.005,0.995,1.0
2025-12-11T01:28:56.179849,0.005,0.995,1.0
2025-12-11T01:28:56.792800,0.005,0.995,1.0
2025-12-11T01:28:57.400372,0.005,0.995,1.0
2025-12-11T01:28:58.010668,0.005,0.995,1.0
2025-12-11T01:28:58.632574,0.005,0.995,1.0
2025-12-11T01:28:59.246298,0.005,0.995,1.0
2025-12-11T01:28:59.857465,0.005,0.995,1.0
2025-12-11T01:29:00.464479,0.005,0.995,1.0
2025-12-11T01:29:01.081055,0.005,0.995,1.0
2025-12-11T01:29:01.679424,0.005,0.995,1.0
2025-12-11T01:29:02.298098,0.005,0.995,1.0
2025-12-11T01:29:02.911120,0.005,0.995,1.0
2025-12-11T01:29:03.522991,0.005,0.995,1.0
2025-12-11T01:29:04.148169,0.005,0.995,1.0
2025-12-11T01:29:04.761889,0.005,0.995,1.0
2025-12-11T01:29:05.359307,0.005,0.995,1.0
2025-12-11T01:29:05.970840,0.005,0.995,1.0
2025-12-11T01:29:06.584961,0.005,0.995,1.0
2025-12-11T01:29:07.206704,0.005,0.995,1.0
2025-12-11T01:29:07.824532,0.005,0.995,1.0
2025-12-11T01:29:08.436325,0.005,0.995,1.0
2025-12-11T01:29:09.049320,0.005,0.995,1.0
2025-12-11T01:29:09.658128,0.005,0.995,1.0
2025-12-11T01:29:10.277671,0.005,0.995,1.0
2025-12-11T01:29:10.904606,0.005,0.995,1.0
2025-12-11T01:29:11.516284,0.005,0.995,1.0
2025-12-11T01:29:12.112613,0.005,0.995,1.0
2025-12-11T01:29:12.727762,0.005,0.995,1.0
2025-12-11T01:29:13.331146,0.005,0.995,1.0
2025-12-11T01:29:13.942370,0.005,0.995,1.0
2025-12-11T01:29:14.543041,0.005,0.995,1.0
2025-12-11T01:29:15.157926,0.005,0.995,1.0
2025-12-11T01:29:15.770534,0.005,0.995,1.0
2025-12-11T01:29:16.375167,0.005,0.995,1.0
2025-12-11T01:29:15.419897,0.005,0.995,1.0
2025-12-11T01:29:16.029695,0.005,0.995,1.0
2025-12-11T01:29:16.645643,0.005,0.995,1.0
2025-12-11T01:29:17.253963,0.005,0.995,1.0
2025-12-11T01:29:17.867593,0.005,0.995,1.0
2025-12-11T01:29:18.486906,0.005,0.995,1.0
2025-12-11T01:29:19.095904,0.005,0.995,1.0
2025-12-11T01:29:19.714126,0.005,0.995,1.0
2025-12-11T01:29:20.349228,0.005,0.995,1.0
2025-12-11T01:29:20.968443,0.005,0.995,1.0
2025-12-11T01:29:21.583558,0.005,0.995,1.0
2025-12-11T01:29:22.197070,0.005,0.995,1.0
2025-12-11T01:29:22.809222,0.005,0.995,1.0
2025-12-11T01:29:23.421101,0.005,0.995,1.0
2025-12-11T01:29:24.020446,0.005,0.995,1.0
2025-12-11T01:29:24.635389,0.005,0.995,1.0
2025-12-11T01:29:25.240743,0.005,0.995,1.0
2025-12-11T01:29:25.851125,0.005,0.995,1.0
2025-12-11T01:29:26.466427,0.005,0.995,1.0
2025-12-11T01:29:27.075504,0.005,0.995,1.0
2025-12-11T01:29:27.684140,0.005,0.995,1.0
2025-12-11T01:29:28.310201,0.005,0.995,1.0
2025-12-11T01:29:28.920585,0.005,0.995,1.0
2025-12-11T01:29:29.550799,0.005,0.995,1.0
2025-12-11T01:29:30.157279,0.005,0.995,1.0
2025-12-11T01:29:30.771213,0.005,0.995,1.0
2025-12-11T01:29:31.390576,0.005,0.995,1.0
2025-12-11T01:29:32.000885,0.005,0.995,1.0
2025-12-11T01:29:32.614257,0.005,0.995,1.0
2025-12-11T01:29:33.228027,0.005,0.995,1.0
2025-12-11T01:29:33.839380,0.005,0.995,1.0
2025-12-11T01:29:34.452972,0.005,0.995,1.0
2025-12-11T01:29:35.078282,0.005,0.995,1.0
2025-12-11T01:29:35.691821,0.005,0.995,1.0
2025-12-11T01:29:36.307171,0.005,0.995,1.0
2025-12-11T01:29:36.917944,0.005,0.995,1.0
2025-12-11T01:29:37.524529,0.005,0.995,1.0
2025-12-11T01:29:38.154311,0.005,0.995,1.0
2025-12-11T01:29:38.766857,0.005,0.995,1.0
2025-12-11T01:29:39.383136,0.005,0.995,1.0
2025-12-11T01:29:39.992583,0.005,0.995,1.0
2025-12-11T01:29:40.604475,0.005,0.995,1.0
2025-12-11T01:29:41.207050,0.005,0.995,1.0
2025-12-11T01:29:41.822323,0.005,0.995,1.0
2025-12-11T01:29:42.439758,0.005,0.995,1.0
2025-12-11T01:29:43.062093,0.005,0.995,1.0
2025-12-11T01:29:43.675028,0.005,0.995,1.0
2025-12-11T01:29:44.296962,0.005,0.995,1.0
2025-12-11T01:29:44.907594,0.005,0.995,1.0
2025-12-11T01:29:45.521358,0.005,0.995,1.0
2025-12-11T01:29:46.134259,0.005,0.995,1.0
2025-12-11T01:29:46.754795,0.005,0.995,1.0
2025-12-11T01:29:45.814085,0.005,0.995,1.0
2025-12-11T01:29:46.421182,0.005,0.995,1.0
2025-12-11T01:29:47.028541,0.005,0.995,1.0
2025-12-11T01:29:47.638161,0.005,0.995,1.0
2025-12-11T01:29:48.253189,0.005,0.995,1.0
2025-12-11T01:29:48.866019,0.005,0.995,1.0
2025-12-11T01:29:49.474855,0.005,0.995,1.0
2025-12-11T01:29:50.090684,0.005,0.995,1.0
2025-12-11T01:29:50.702119,0.005,0.995,1.0
2025-12-11T01:29:51.324076,0.005,0.995,1.0
2025-12-11T01:29:51.935519,0.005,0.995,1.0
2025-12-11T01:29:52.550844,0.005,0.995,1.0
2025-12-11T01:29:53.160143,0.005,0.995,1.0
2025-12-11T01:29:53.770853,0.005,0.995,1.0
2025-12-11T01:29:54.376243,0.005,0.995,1.0
2025-12-11T01:29:55.012177,0.005,0.995,1.0
2025-12-11T01:29:55.628696,0.005,0.995,1.0
2025-12-11T01:29:56.247138,0.005,0.995,1.0
2025-12-11T01:29:56.853728,0.005,0.995,1.0
2025-12-11T01:29:57.472547,0.005,0.995,1.0
2025-12-11T01:29:58.084745,0.005,0.995,1.0
2025-12-11T01:29:58.697279,0.005,0.995,1.0
2025-12-11T01:29:59.311277,0.005,0.995,1.0
2025-12-11T01:29:59.926892,0.005,0.995,1.0
2025-12-11T01:30:00.536757,0.005,0.995,1.0
2025-12-11T01:30:01.193111,0.005,0.995,1.0
2025-12-11T01:30:01.806680,0.005,0.995,1.0
2025-12-11T01:30:02.413296,0.005,0.995,1.0
2025-12-11T01:30:03.033267,0.005,0.995,1.0
2025-12-11T01:30:03.651100,0.005,0.995,1.0
2025-12-11T01:30:04.261568,0.005,0.995,1.0
2025-12-11T01:30:04.876832,0.005,0.995,1.0
2025-12-11T01:30:05.489482,0.005,0.995,1.0
2025-12-11T01:30:06.106649,0.005,0.995,1.0
2025-12-11T01:30:06.728328,0.005,0.995,1.0
2025-12-11T01:30:07.345494,0.005,0.995,1.0
2025-12-11T01:30:07.960517,0.005,0.995,1.0
2025-12-11T01:30:08.576070,0.005,0.995,1.0
2025-12-11T01:30:09.203537,0.005,0.995,1.0
2025-12-11T01:30:09.820063,0.005,0.995,1.0
2025-12-11T01:30:10.431299,0.005,0.995,1.0
2025-12-11T01:30:11.045551,0.005,0.995,1.0
2025-12-11T01:30:11.660702,0.005,0.995,1.0
2025-12-11T01:30:12.275881,0.005,0.995,1.0
2025-12-11T01:30:12.887551,0.005,0.995,1.0
2025-12-11T01:30:13.502536,0.005,0.995,1.0
2025-12-11T01:30:14.116600,0.005,0.995,1.0
2025-12-11T01:30:14.731223,0.005,0.995,1.0
2025-12-11T01:30:15.340739,0.005,0.995,1.0
2025-12-11T01:30:15.951590,0.005,0.995,1.0
2025-12-11T01:30:16.567753,0.005,0.995,1.0
2025-12-11T01:30:17.181676,0.005,0.995,1.0
2025-12-11T01:30:17.799373,0.005,0.995,1.0
2025-12-11T01:30:16.835090,0.005,0.995,1.0
2025-12-11T01:30:17.448045,0.005,0.995,1.0
2025-12-11T01:30:18.051961,0.005,0.995,1.0
2025-12-11T01:30:18.664448,0.005,0.995,1.0
2025-12-11T01:30:19.297405,0.005,0.995,1.0
2025-12-11T01:30:19.912972,0.005,0.995,1.0
2025-12-11T01:30:20.525848,0.005,0.995,1.0
2025-12-11T01:30:21.154943,0.005,0.995,1.0
2025-12-11T01:30:21.773831,0.005,0.995,1.0
2025-12-11T01:30:22.392053,0.005,0.995,1.0
2025-12-11T01:30:23.007421,0.005,0.995,1.0
2025-12-11T01:30:23.627344,0.005,0.995,1.0
2025-12-11T01:30:24.242835,0.005,0.995,1.0
2025-12-11T01:30:24.863289,0.005,0.995,1.0
2025-12-11T01:30:25.473222,0.005,0.995,1.0
2025-12-11T01:30:26.099344,0.005,0.995,1.0
2025-12-11T01:30:26.712698,0.005,0.995,1.0
2025-12-11T01:30:27.329407,0.005,0.995,1.0
2025-12-11T01:30:27.936860,0.005,0.995,1.0
2025-12-11T01:30:28.547266,0.005,0.995,1.0
2025-12-11T01:30:29.162129,0.005,0.995,1.0
2025-12-11T01:30:29.773105,0.005,0.995,1.0
2025-12-11T01:30:30.384930,0.005,0.995,1.0
2025-12-11T01:30:31.002863,0.005,0.995,1.0
2025-12-11T01:30:31.626292,0.005,0.995,1.0
2025-12-11T01:30:32.239605,0.005,0.995,1.0
2025-12-11T01:30:32.855129,0.005,0.995,1.0
2025-12-11T01:30:33.466405,0.005,0.995,1.0
2025-12-11T01:30:34.076433,0.005,0.995,1.0
2025-12-11T01:30:34.687424,0.005,0.995,1.0
2025-12-11T01:30:35.299675,0.005,0.995,1.0
2025-12-11T01:30:35.915573,0.005,0.995,1.0
2025-12-11T01:30:36.530129,0.005,0.995,1.0
2025-12-11T01:30:37.151880,0.005,0.995,1.0
2025-12-11T01:30:37.781189,0.005,0.995,1.0
2025-12-11T01:30:38.395201,0.005,0.995,1.0
2025-12-11T01:30:39.015014,0.005,0.995,1.0
2025-12-11T01:30:39.666189,0.005,0.995,1.0
2025-12-11T01:30:40.281673,0.005,0.995,1.0
2025-12-11T01:30:40.893176,0.005,0.995,1.0
2025-12-11T01:30:41.508468,0.005,0.995,1.0
2025-12-11T01:30:42.129846,0.005,0.995,1.0
2025-12-11T01:30:42.741971,0.005,0.995,1.0
2025-12-11T01:30:43.360334,0.005,0.995,1.0
2025-12-11T01:30:44.016215,0.005,0.995,1.0
2025-12-11T01:30:44.643675,0.005,0.995,1.0
2025-12-11T01:30:45.259521,0.005,0.995,1.0
2025-12-11T01:30:45.877595,0.005,0.995,1.0
2025-12-11T01:30:46.495674,0.005,0.995,1.0
2025-12-11T01:30:47.107030,0.005,0.995,1.0
2025-12-11T01:30:47.737744,0.005,0.995,1.0
2025-12-11T01:30:48.355066,0.005,0.995,1.0
2025-12-11T01:30:47.391660,0.005,0.995,1.0
2025-12-11T01:30:48.001111,0.005,0.995,1.0
2025-12-11T01:30:48.612102,0.005,0.995,1.0
2025-12-11T01:30:49.214144,0.005,0.995,1.0
2025-12-11T01:30:49.810364,0.005,0.995,1.0
2025-12-11T01:30:50.424186,0.005,0.995,1.0
2025-12-11T01:30:51.056671,0.005,0.995,1.0
2025-12-11T01:30:51.670090,0.005,0.995,1.0
2025-12-11T01:30:52.274618,0.005,0.995,1.0
2025-12-11T01:30:52.889733,0.005,0.995,1.0
2025-12-11T01:30:53.507755,0.005,0.995,1.0
2025-12-11T01:30:54.121854,0.005,0.995,1.0
2025-12-11T01:30:54.743498,0.005,0.995,1.0
2025-12-11T01:30:55.363223,0.005,0.995,1.0
2025-12-11T01:30:55.975864,0.005,0.995,1.0
2025-12-11T01:30:56.599580,0.005,0.995,1.0
2025-12-11T01:30:57.212196,0.005,0.995,1.0
2025-12-11T01:30:57.843361,0.005,0.995,1.0
2025-12-11T01:30:58.459257,0.005,0.995,1.0
2025-12-11T01:30:59.067174,0.005,0.995,1.0

