timestamp,price_yes,price_no,sum_prices
2025-12-11T03:46:00.661565,0.415,0.585,1.0
2025-12-11T03:46:01.268945,0.415,0.585,1.0
2025-12-11T03:46:01.876928,0.415,0.595,1.01
2025-12-11T03:46:02.481891,0.405,0.59,0.995
2025-12-11T03:46:03.092321,0.415,0.585,1.0
2025-12-11T03:46:03.696074,0.405,0.595,1.0
2025-12-11T03:46:04.304465,0.37,0.635,1.005
2025-12-11T03:46:04.914078,0.375,0.625,1.0
2025-12-11T03:46:05.523955,0.385,0.615,1.0
2025-12-11T03:46:06.133466,0.385,0.615,1.0
2025-12-11T03:46:06.730419,0.395,0.605,1.0
2025-12-11T03:46:07.334901,0.395,0.605,1.0
2025-12-11T03:46:07.948521,0.385,0.615,1.0
2025-12-11T03:46:08.569368,0.38,0.62,1.0
2025-12-11T03:46:09.177081,0.375,0.625,1.0
2025-12-11T03:46:09.786492,0.39,0.61,1.0
2025-12-11T03:46:10.404009,0.405,0.595,1.0
2025-12-11T03:46:11.009552,0.405,0.595,1.0
2025-12-11T03:46:10.008763,0.405,0.595,1.0
2025-12-11T03:46:10.620494,0.405,0.595,1.0
2025-12-11T03:46:11.224445,0.395,0.605,1.0
2025-12-11T03:46:11.836664,0.395,0.605,1.0
2025-12-11T03:46:12.449978,0.38,0.62,1.0
2025-12-11T03:46:13.054612,0.385,0.615,1.0
2025-12-11T03:46:13.669121,0.385,0.605,0.99
2025-12-11T03:46:14.284302,0.405,0.595,1.0
2025-12-11T03:46:14.892968,0.405,0.595,1.0
2025-12-11T03:46:15.491013,0.405,0.595,1.0
2025-12-11T03:46:16.104295,0.395,0.605,1.0
2025-12-11T03:46:16.706349,0.385,0.615,1.0
2025-12-11T03:46:17.316231,0.385,0.625,1.01
2025-12-11T03:46:17.923783,0.375,0.625,1.0
2025-12-11T03:46:18.574450,0.375,0.625,1.0
2025-12-11T03:46:19.181414,0.38,0.625,1.005
2025-12-11T03:46:19.793490,0.385,0.615,1.0
2025-12-11T03:46:20.406807,0.4,0.6,1.0
2025-12-11T03:46:21.017629,0.4,0.6,1.0
2025-12-11T03:46:21.652225,0.4,0.6,1.0
2025-12-11T03:46:22.274881,0.395,0.605,1.0
2025-12-11T03:46:22.895968,0.405,0.595,1.0
2025-12-11T03:46:23.504913,0.405,0.59,0.995
2025-12-11T03:46:24.114791,0.415,0.585,1.0
2025-12-11T03:46:24.727957,0.395,0.605,1.0
2025-12-11T03:46:25.346586,0.395,0.605,1.0
2025-12-11T03:46:25.965254,0.405,0.595,1.0
2025-12-11T03:46:26.577468,0.415,0.585,1.0
2025-12-11T03:46:27.184024,0.415,0.585,1.0
2025-12-11T03:46:27.796746,0.405,0.595,1.0
2025-12-11T03:46:28.407515,0.385,0.615,1.0
2025-12-11T03:46:29.035620,0.375,0.625,1.0
2025-12-11T03:46:29.645721,0.375,0.625,1.0
2025-12-11T03:46:30.255498,0.37,0.63,1.0
2025-12-11T03:46:30.870024,0.365,0.64,1.005
2025-12-11T03:46:31.484854,0.36,0.64,1.0
2025-12-11T03:46:32.095670,0.365,0.635,1.0
2025-12-11T03:46:32.697183,0.365,0.635,1.0
2025-12-11T03:46:33.315570,0.37,0.63,1.0
2025-12-11T03:46:33.917122,0.375,0.625,1.0
2025-12-11T03:46:34.534260,0.365,0.625,0.99
2025-12-11T03:46:35.138030,0.375,0.625,1.0
2025-12-11T03:46:35.744767,0.375,0.625,1.0
2025-12-11T03:46:36.342226,0.38,0.62,1.0
2025-12-11T03:46:36.957583,0.38,0.62,1.0
2025-12-11T03:46:37.570227,0.375,0.625,1.0
2025-12-11T03:46:38.180327,0.385,0.615,1.0
2025-12-11T03:46:38.794448,0.38,0.62,1.0
2025-12-11T03:46:39.401639,0.375,0.625,1.0
2025-12-11T03:46:40.015086,0.365,0.635,1.0
2025-12-11T03:46:40.632477,0.375,0.625,1.0
2025-12-11T03:46:41.241413,0.375,0.625,1.0
2025-12-11T03:46:41.845985,0.375,0.625,1.0
2025-12-11T03:46:40.852168,0.375,0.625,1.0
2025-12-11T03:46:41.466348,0.375,0.625,1.0
2025-12-11T03:46:42.082580,0.375,0.625,1.0
2025-12-11T03:46:42.688392,0.375,0.615,0.99
2025-12-11T03:46:43.298064,0.365,0.635,1.0
2025-12-11T03:46:43.901748,0.365,0.635,1.0
2025-12-11T03:46:44.513497,0.365,0.635,1.0
2025-12-11T03:46:45.108299,0.37,0.63,1.0
2025-12-11T03:46:45.702729,0.37,0.63,1.0
2025-12-11T03:46:46.307043,0.37,0.63,1.0
2025-12-11T03:46:46.907064,0.375,0.625,1.0
2025-12-11T03:46:47.516931,0.375,0.625,1.0
2025-12-11T03:46:48.131740,0.38,0.62,1.0
2025-12-11T03:46:48.750805,0.375,0.625,1.0
2025-12-11T03:46:49.348390,0.375,0.625,1.0
2025-12-11T03:46:49.951436,0.375,0.625,1.0
2025-12-11T03:46:50.583679,0.375,0.625,1.0
2025-12-11T03:46:51.186189,0.375,0.625,1.0
2025-12-11T03:46:51.778508,0.385,0.61,0.995
2025-12-11T03:46:52.400162,0.395,0.605,1.0
2025-12-11T03:46:52.998795,0.395,0.605,1.0
2025-12-11T03:46:53.598471,0.39,0.61,1.0
2025-12-11T03:46:54.203236,0.385,0.615,1.0
2025-12-11T03:46:54.804954,0.385,0.615,1.0
2025-12-11T03:46:55.416581,0.395,0.605,1.0
2025-12-11T03:46:56.013646,0.4,0.6,1.0
2025-12-11T03:46:56.611687,0.4,0.6,1.0
2025-12-11T03:46:57.217720,0.4,0.6,1.0
2025-12-11T03:46:57.826337,0.395,0.61,1.005
2025-12-11T03:46:58.438110,0.39,0.61,1.0
2025-12-11T03:46:59.035075,0.385,0.615,1.0
2025-12-11T03:46:59.649634,0.39,0.61,1.0
2025-12-11T03:47:00.252905,0.39,0.61,1.0
2025-12-11T03:47:00.853975,0.395,0.605,1.0
2025-12-11T03:47:01.470307,0.405,0.595,1.0
2025-12-11T03:47:02.073342,0.395,0.605,1.0
2025-12-11T03:47:02.696359,0.385,0.615,1.0
2025-12-11T03:47:03.293969,0.375,0.625,1.0
2025-12-11T03:47:03.891457,0.375,0.625,1.0
2025-12-11T03:47:04.511234,0.375,0.625,1.0
2025-12-11T03:47:05.115841,0.375,0.625,1.0
2025-12-11T03:47:05.730536,0.365,0.635,1.0
2025-12-11T03:47:06.363697,0.365,0.635,1.0
2025-12-11T03:47:06.963993,0.365,0.635,1.0
2025-12-11T03:47:07.570520,0.355,0.645,1.0
2025-12-11T03:47:08.185978,0.355,0.645,1.0
2025-12-11T03:47:08.800568,0.345,0.655,1.0
2025-12-11T03:47:09.413198,0.345,0.655,1.0
2025-12-11T03:47:10.017760,0.345,0.65,0.995
2025-12-11T03:47:10.621497,0.355,0.645,1.0
2025-12-11T03:47:11.227871,0.345,0.655,1.0
2025-12-11T03:47:11.843587,0.335,0.665,1.0
2025-12-11T03:47:12.453566,0.335,0.665,1.0
2025-12-11T03:47:11.454312,0.335,0.66,0.9950000000000001
2025-12-11T03:47:12.057360,0.345,0.655,1.0
2025-12-11T03:47:12.666736,0.335,0.665,1.0
2025-12-11T03:47:13.283055,0.34,0.66,1.0
2025-12-11T03:47:13.904896,0.335,0.665,1.0
2025-12-11T03:47:14.500331,0.325,0.675,1.0
2025-12-11T03:47:15.102450,0.325,0.675,1.0
2025-12-11T03:47:15.704196,0.325,0.675,1.0
2025-12-11T03:47:16.309821,0.315,0.685,1.0
2025-12-11T03:47:16.909778,0.315,0.685,1.0
2025-12-11T03:47:17.508650,0.315,0.685,1.0
2025-12-11T03:47:18.108482,0.305,0.695,1.0
2025-12-11T03:47:18.711614,0.305,0.695,1.0
2025-12-11T03:47:19.312477,0.295,0.705,1.0
2025-12-11T03:47:19.921690,0.295,0.705,1.0
2025-12-11T03:47:20.516341,0.275,0.725,1.0
2025-12-11T03:47:21.126608,0.265,0.735,1.0
2025-12-11T03:47:21.729823,0.265,0.74,1.005
2025-12-11T03:47:22.333787,0.255,0.745,1.0
2025-12-11T03:47:22.945118,0.255,0.745,1.0
2025-12-11T03:47:23.539867,0.255,0.745,1.0
2025-12-11T03:47:24.153119,0.255,0.745,1.0
2025-12-11T03:47:24.755117,0.255,0.745,1.0
2025-12-11T03:47:25.355867,0.255,0.745,1.0
2025-12-11T03:47:25.966620,0.245,0.755,1.0
2025-12-11T03:47:26.568315,0.25,0.75,1.0
2025-12-11T03:47:27.190527,0.245,0.755,1.0
2025-12-11T03:47:27.812517,0.245,0.755,1.0
2025-12-11T03:47:28.414347,0.245,0.755,1.0
2025-12-11T03:47:29.029678,0.255,0.745,1.0
2025-12-11T03:47:29.633834,0.255,0.745,1.0
2025-12-11T03:47:30.247323,0.255,0.745,1.0
2025-12-11T03:47:30.871153,0.255,0.745,1.0
2025-12-11T03:47:31.472328,0.255,0.745,1.0
2025-12-11T03:47:32.083322,0.255,0.745,1.0
2025-12-11T03:47:32.685792,0.26,0.74,1.0
2025-12-11T03:47:33.298383,0.265,0.735,1.0
2025-12-11T03:47:33.917344,0.265,0.735,1.0
2025-12-11T03:47:34.524874,0.275,0.72,0.995
2025-12-11T03:47:35.134470,0.275,0.725,1.0
2025-12-11T03:47:35.733281,0.275,0.72,0.995
2025-12-11T03:47:36.348223,0.285,0.72,1.005
2025-12-11T03:47:36.959950,0.28,0.72,1.0
2025-12-11T03:47:37.571220,0.28,0.725,1.005
2025-12-11T03:47:38.184882,0.275,0.725,1.0
2025-12-11T03:47:38.791605,0.265,0.735,1.0
2025-12-11T03:47:39.404692,0.26,0.74,1.0
2025-12-11T03:47:40.004466,0.26,0.74,1.0
2025-12-11T03:47:40.615913,0.26,0.74,1.0
2025-12-11T03:47:41.224383,0.26,0.74,1.0
2025-12-11T03:47:41.827174,0.265,0.735,1.0
2025-12-11T03:47:42.431009,0.255,0.745,1.0
2025-12-11T03:47:43.031402,0.27,0.73,1.0
2025-12-11T03:47:42.041013,0.27,0.73,1.0
2025-12-11T03:47:42.641697,0.265,0.735,1.0
2025-12-11T03:47:43.241502,0.265,0.735,1.0
2025-12-11T03:47:43.836031,0.255,0.745,1.0
2025-12-11T03:47:44.433270,0.26,0.735,0.995
2025-12-11T03:47:45.038732,0.27,0.73,1.0
2025-12-11T03:47:45.643965,0.265,0.735,1.0
2025-12-11T03:47:46.251826,0.265,0.735,1.0
2025-12-11T03:47:46.850810,0.265,0.735,1.0
2025-12-11T03:47:47.453626,0.27,0.73,1.0
2025-12-11T03:47:48.058670,0.27,0.73,1.0
2025-12-11T03:47:48.656649,0.265,0.735,1.0
2025-12-11T03:47:49.258882,0.255,0.745,1.0
2025-12-11T03:47:49.855045,0.255,0.745,1.0
2025-12-11T03:47:50.459703,0.255,0.745,1.0
2025-12-11T03:47:51.065139,0.27,0.73,1.0
2025-12-11T03:47:51.670368,0.285,0.715,1.0
2025-12-11T03:47:52.264338,0.285,0.715,1.0
2025-12-11T03:47:52.856697,0.305,0.695,1.0
2025-12-11T03:47:53.459656,0.305,0.695,1.0
2025-12-11T03:47:54.069820,0.305,0.695,1.0
2025-12-11T03:47:54.685632,0.295,0.705,1.0
2025-12-11T03:47:55.285896,0.29,0.705,0.9949999999999999
2025-12-11T03:47:55.890313,0.285,0.715,1.0
2025-12-11T03:47:56.495365,0.295,0.705,1.0
2025-12-11T03:47:57.117000,0.285,0.715,1.0
2025-12-11T03:47:57.718043,0.275,0.725,1.0
2025-12-11T03:47:58.336846,0.285,0.715,1.0
2025-12-11T03:47:58.933153,0.285,0.715,1.0
2025-12-11T03:47:59.590489,0.275,0.725,1.0
2025-12-11T03:48:00.193354,0.275,0.72,0.995
2025-12-11T03:48:00.793916,0.275,0.72,0.995
2025-12-11T03:48:01.402177,0.275,0.725,1.0
2025-12-11T03:48:02.017711,0.275,0.725,1.0
2025-12-11T03:48:02.623815,0.285,0.715,1.0
2025-12-11T03:48:03.236298,0.28,0.72,1.0
2025-12-11T03:48:03.847125,0.275,0.725,1.0
2025-12-11T03:48:04.452468,0.275,0.725,1.0
2025-12-11T03:48:05.061890,0.265,0.735,1.0
2025-12-11T03:48:05.665726,0.265,0.735,1.0
2025-12-11T03:48:06.290314,0.27,0.725,0.995
2025-12-11T03:48:06.887007,0.285,0.715,1.0
2025-12-11T03:48:07.487235,0.285,0.715,1.0
2025-12-11T03:48:08.094159,0.29,0.71,1.0
2025-12-11T03:48:08.702029,0.295,0.705,1.0
2025-12-11T03:48:09.320569,0.3,0.7,1.0
2025-12-11T03:48:09.911538,0.29,0.71,1.0
2025-12-11T03:48:10.513796,0.285,0.715,1.0
2025-12-11T03:48:11.123579,0.28,0.72,1.0
2025-12-11T03:48:11.723665,0.275,0.725,1.0
2025-12-11T03:48:12.330926,0.265,0.735,1.0
2025-12-11T03:48:12.931082,0.255,0.745,1.0
2025-12-11T03:48:13.532563,0.255,0.745,1.0
2025-12-11T03:48:12.558575,0.255,0.745,1.0
2025-12-11T03:48:13.155992,0.255,0.745,1.0
2025-12-11T03:48:13.811881,0.265,0.73,0.995
2025-12-11T03:48:14.412795,0.275,0.725,1.0
2025-12-11T03:48:15.018971,0.275,0.725,1.0
2025-12-11T03:48:15.625684,0.275,0.725,1.0
2025-12-11T03:48:16.227037,0.27,0.73,1.0
2025-12-11T03:48:16.834551,0.265,0.735,1.0
2025-12-11T03:48:17.432247,0.265,0.735,1.0
2025-12-11T03:48:18.040317,0.27,0.73,1.0
2025-12-11T03:48:18.657868,0.265,0.735,1.0
2025-12-11T03:48:19.261794,0.265,0.735,1.0
2025-12-11T03:48:19.865298,0.255,0.745,1.0
2025-12-11T03:48:20.485816,0.265,0.735,1.0
2025-12-11T03:48:21.081418,0.265,0.735,1.0
2025-12-11T03:48:21.690187,0.275,0.72,0.995
2025-12-11T03:48:22.294676,0.28,0.72,1.0
2025-12-11T03:48:22.914298,0.275,0.725,1.0
2025-12-11T03:48:23.567016,0.285,0.715,1.0
2025-12-11T03:48:24.177459,0.285,0.715,1.0
2025-12-11T03:48:24.802522,0.255,0.745,1.0
2025-12-11T03:48:25.405364,0.265,0.735,1.0
2025-12-11T03:48:26.007631,0.265,0.735,1.0
2025-12-11T03:48:26.609031,0.265,0.735,1.0
2025-12-11T03:48:27.210727,0.265,0.735,1.0
2025-12-11T03:48:27.832549,0.265,0.735,1.0
2025-12-11T03:48:28.442403,0.275,0.725,1.0
2025-12-11T03:48:29.054858,0.275,0.725,1.0
2025-12-11T03:48:29.656082,0.265,0.735,1.0
2025-12-11T03:48:30.261497,0.265,0.735,1.0
2025-12-11T03:48:30.892649,0.27,0.735,1.005
2025-12-11T03:48:31.504813,0.26,0.745,1.005
2025-12-11T03:48:32.117842,0.26,0.74,1.0
2025-12-11T03:48:32.717892,0.26,0.74,1.0
2025-12-11T03:48:33.318093,0.26,0.74,1.0
2025-12-11T03:48:34.011658,0.265,0.735,1.0
2025-12-11T03:48:34.625499,0.265,0.735,1.0
2025-12-11T03:48:35.225607,0.265,0.735,1.0
2025-12-11T03:48:35.818181,0.265,0.735,1.0
2025-12-11T03:48:36.418554,0.265,0.735,1.0
2025-12-11T03:48:37.020284,0.275,0.725,1.0
2025-12-11T03:48:37.632922,0.285,0.715,1.0
2025-12-11T03:48:38.234407,0.295,0.705,1.0
2025-12-11T03:48:38.829757,0.295,0.705,1.0
2025-12-11T03:48:39.437831,0.3,0.695,0.9949999999999999
2025-12-11T03:48:40.036367,0.305,0.695,1.0
2025-12-11T03:48:40.643977,0.305,0.695,1.0
2025-12-11T03:48:41.238741,0.3,0.7,1.0
2025-12-11T03:48:41.845401,0.3,0.7,1.0
2025-12-11T03:48:42.453960,0.3,0.7,1.0
2025-12-11T03:48:43.072369,0.285,0.715,1.0
2025-12-11T03:48:43.681856,0.285,0.715,1.0
2025-12-11T03:48:44.282076,0.295,0.705,1.0
2025-12-11T03:48:43.288266,0.295,0.705,1.0
2025-12-11T03:48:43.904002,0.295,0.705,1.0
2025-12-11T03:48:44.519434,0.305,0.695,1.0
2025-12-11T03:48:45.132442,0.305,0.695,1.0
2025-12-11T03:48:45.727258,0.305,0.695,1.0
2025-12-11T03:48:46.337897,0.305,0.695,1.0
2025-12-11T03:48:46.934258,0.305,0.695,1.0
2025-12-11T03:48:47.543824,0.305,0.695,1.0
2025-12-11T03:48:48.138795,0.305,0.695,1.0
2025-12-11T03:48:48.749725,0.305,0.695,1.0
2025-12-11T03:48:49.362577,0.305,0.695,1.0
2025-12-11T03:48:49.984344,0.295,0.705,1.0
2025-12-11T03:48:50.599250,0.295,0.705,1.0
2025-12-11T03:48:51.210622,0.305,0.695,1.0
2025-12-11T03:48:51.822087,0.305,0.695,1.0
2025-12-11T03:48:52.444553,0.315,0.685,1.0
2025-12-11T03:48:53.056074,0.335,0.665,1.0
2025-12-11T03:48:53.665602,0.345,0.655,1.0
2025-12-11T03:48:54.267601,0.345,0.655,1.0
2025-12-11T03:48:54.867563,0.345,0.655,1.0
2025-12-11T03:48:55.470247,0.345,0.655,1.0
2025-12-11T03:48:56.080071,0.345,0.64,0.985
2025-12-11T03:48:56.692029,0.38,0.62,1.0
2025-12-11T03:48:57.311857,0.39,0.615,1.005
2025-12-11T03:48:57.927542,0.395,0.605,1.0
2025-12-11T03:48:58.541873,0.395,0.605,1.0
2025-12-11T03:48:59.159664,0.395,0.605,1.0
2025-12-11T03:48:59.756702,0.395,0.605,1.0
2025-12-11T03:49:00.355701,0.415,0.585,1.0
2025-12-11T03:49:00.968778,0.415,0.585,1.0
2025-12-11T03:49:01.569878,0.415,0.585,1.0
2025-12-11T03:49:02.180182,0.4,0.6,1.0
2025-12-11T03:49:02.779438,0.405,0.595,1.0
2025-12-11T03:49:03.400557,0.42,0.58,1.0
2025-12-11T03:49:04.006203,0.425,0.575,1.0
2025-12-11T03:49:04.611098,0.425,0.575,1.0
2025-12-11T03:49:05.236401,0.425,0.575,1.0
2025-12-11T03:49:05.834201,0.415,0.585,1.0
2025-12-11T03:49:06.445288,0.425,0.575,1.0
2025-12-11T03:49:07.042286,0.415,0.585,1.0
2025-12-11T03:49:07.645559,0.385,0.615,1.0
2025-12-11T03:49:08.245803,0.395,0.605,1.0
2025-12-11T03:49:08.844569,0.395,0.605,1.0
2025-12-11T03:49:09.454666,0.385,0.615,1.0
2025-12-11T03:49:10.066146,0.39,0.61,1.0
2025-12-11T03:49:10.673155,0.4,0.6,1.0
2025-12-11T03:49:11.285783,0.4,0.6,1.0
2025-12-11T03:49:11.884129,0.405,0.595,1.0
2025-12-11T03:49:12.503281,0.405,0.595,1.0
2025-12-11T03:49:13.111435,0.385,0.62,1.005
2025-12-11T03:49:13.724857,0.35,0.65,1.0
2025-12-11T03:49:14.335082,0.345,0.655,1.0
2025-12-11T03:49:14.933715,0.35,0.65,1.0
2025-12-11T03:49:13.940950,0.345,0.655,1.0
2025-12-11T03:49:14.560201,0.355,0.645,1.0
2025-12-11T03:49:15.169179,0.375,0.625,1.0
2025-12-11T03:49:15.793439,0.39,0.605,0.995
2025-12-11T03:49:16.399367,0.405,0.595,1.0
2025-12-11T03:49:17.009929,0.395,0.605,1.0
2025-12-11T03:49:17.620101,0.41,0.59,1.0
2025-12-11T03:49:18.222248,0.4,0.595,0.995
2025-12-11T03:49:18.835980,0.405,0.595,1.0
2025-12-11T03:49:19.452736,0.415,0.585,1.0
2025-12-11T03:49:20.066169,0.415,0.585,1.0
2025-12-11T03:49:20.677032,0.415,0.585,1.0
2025-12-11T03:49:21.291898,0.415,0.585,1.0
2025-12-11T03:49:21.914986,0.43,0.57,1.0
2025-12-11T03:49:22.519624,0.435,0.565,1.0
2025-12-11T03:49:23.130537,0.44,0.56,1.0
2025-12-11T03:49:23.733293,0.445,0.555,1.0
2025-12-11T03:49:24.348495,0.445,0.555,1.0
2025-12-11T03:49:24.970937,0.445,0.555,1.0
2025-12-11T03:49:25.578774,0.445,0.555,1.0
2025-12-11T03:49:26.193534,0.455,0.545,1.0
2025-12-11T03:49:26.808125,0.435,0.565,1.0
2025-12-11T03:49:27.420894,0.425,0.575,1.0
2025-12-11T03:49:28.023227,0.425,0.57,0.9949999999999999
2025-12-11T03:49:28.630013,0.425,0.575,1.0
2025-12-11T03:49:29.242226,0.43,0.57,1.0
2025-12-11T03:49:29.854763,0.425,0.575,1.0
2025-12-11T03:49:30.454192,0.435,0.565,1.0
2025-12-11T03:49:31.058929,0.435,0.565,1.0
2025-12-11T03:49:31.673375,0.435,0.565,1.0
2025-12-11T03:49:32.269822,0.435,0.565,1.0
2025-12-11T03:49:32.875297,0.435,0.565,1.0
2025-12-11T03:49:33.477654,0.435,0.565,1.0
2025-12-11T03:49:34.073834,0.425,0.57,0.9949999999999999
2025-12-11T03:49:34.691613,0.425,0.575,1.0
2025-12-11T03:49:35.312849,0.425,0.575,1.0
2025-12-11T03:49:35.929855,0.445,0.555,1.0
2025-12-11T03:49:36.525418,0.44,0.56,1.0
2025-12-11T03:49:37.130189,0.425,0.575,1.0
2025-12-11T03:49:37.733524,0.46,0.54,1.0
2025-12-11T03:49:38.331491,0.47,0.53,1.0
2025-12-11T03:49:38.947438,0.475,0.525,1.0
2025-12-11T03:49:39.559420,0.465,0.535,1.0
2025-12-11T03:49:40.158631,0.465,0.535,1.0
2025-12-11T03:49:40.765019,0.475,0.525,1.0
2025-12-11T03:49:41.373477,0.475,0.525,1.0
2025-12-11T03:49:41.983163,0.475,0.525,1.0
2025-12-11T03:49:42.596308,0.475,0.525,1.0
2025-12-11T03:49:43.210884,0.475,0.525,1.0
2025-12-11T03:49:43.815995,0.47,0.53,1.0
2025-12-11T03:49:44.413788,0.47,0.53,1.0
2025-12-11T03:49:45.021469,0.47,0.53,1.0
2025-12-11T03:49:45.629969,0.47,0.53,1.0
2025-12-11T03:49:44.627343,0.475,0.525,1.0
2025-12-11T03:49:45.232711,0.475,0.525,1.0
2025-12-11T03:49:45.849288,0.475,0.525,1.0
2025-12-11T03:49:46.448949,0.475,0.525,1.0
2025-12-11T03:49:47.053353,0.485,0.515,1.0
2025-12-11T03:49:47.677740,0.475,0.525,1.0
2025-12-11T03:49:48.282729,0.47,0.535,1.005
2025-12-11T03:49:48.895497,0.465,0.535,1.0
2025-12-11T03:49:49.509574,0.47,0.53,1.0
2025-12-11T03:49:50.106423,0.475,0.525,1.0
2025-12-11T03:49:50.718352,0.475,0.525,1.0
2025-12-11T03:49:51.318173,0.48,0.52,1.0
2025-12-11T03:49:51.933204,0.48,0.52,1.0
2025-12-11T03:49:52.545962,0.475,0.525,1.0
2025-12-11T03:49:53.140515,0.495,0.505,1.0
2025-12-11T03:49:53.751542,0.495,0.505,1.0
2025-12-11T03:49:54.360566,0.495,0.505,1.0
2025-12-11T03:49:54.978746,0.495,0.505,1.0
2025-12-11T03:49:55.586989,0.495,0.505,1.0
2025-12-11T03:49:56.182910,0.515,0.485,1.0
2025-12-11T03:49:56.803662,0.515,0.485,1.0
2025-12-11T03:49:57.418476,0.525,0.475,1.0
2025-12-11T03:49:58.032517,0.535,0.465,1.0
2025-12-11T03:49:58.631082,0.545,0.455,1.0
2025-12-11T03:49:59.228353,0.545,0.455,1.0
2025-12-11T03:49:59.838388,0.545,0.455,1.0
2025-12-11T03:50:00.440197,0.555,0.445,1.0
2025-12-11T03:50:01.056880,0.57,0.43,1.0
2025-12-11T03:50:01.652879,0.555,0.46,1.0150000000000001
2025-12-11T03:50:02.247836,0.525,0.475,1.0
2025-12-11T03:50:02.848233,0.515,0.485,1.0
2025-12-11T03:50:03.462817,0.495,0.5,0.995
2025-12-11T03:50:04.078650,0.485,0.515,1.0
2025-12-11T03:50:04.698119,0.485,0.515,1.0
2025-12-11T03:50:05.302234,0.475,0.52,0.995
2025-12-11T03:50:05.902831,0.47,0.535,1.005
2025-12-11T03:50:06.512730,0.495,0.515,1.01
2025-12-11T03:50:07.127437,0.48,0.52,1.0
2025-12-11T03:50:07.736645,0.505,0.495,1.0
2025-12-11T03:50:08.338416,0.51,0.49,1.0
2025-12-11T03:50:08.936795,0.51,0.49,1.0
2025-12-11T03:50:09.535873,0.51,0.49,1.0
2025-12-11T03:50:10.137777,0.51,0.49,1.0
2025-12-11T03:50:10.748287,0.495,0.505,1.0
2025-12-11T03:50:11.352731,0.505,0.495,1.0
2025-12-11T03:50:11.959460,0.495,0.515,1.01
2025-12-11T03:50:12.560959,0.465,0.535,1.0
2025-12-11T03:50:13.161084,0.47,0.53,1.0
2025-12-11T03:50:13.767938,0.47,0.53,1.0
2025-12-11T03:50:14.365348,0.47,0.53,1.0
2025-12-11T03:50:14.977095,0.48,0.52,1.0
2025-12-11T03:50:15.598434,0.485,0.515,1.0
2025-12-11T03:50:16.225050,0.485,0.515,1.0
2025-12-11T03:50:15.226810,0.485,0.515,1.0
2025-12-11T03:50:15.833944,0.5,0.5,1.0
2025-12-11T03:50:16.444114,0.505,0.495,1.0
2025-12-11T03:50:17.068335,0.52,0.48,1.0
2025-12-11T03:50:17.668435,0.525,0.475,1.0
2025-12-11T03:50:18.285376,0.51,0.49,1.0
2025-12-11T03:50:19.153685,0.51,0.49,1.0
2025-12-11T03:50:19.775465,0.5,0.5,1.0
2025-12-11T03:50:20.375219,0.505,0.49,0.995
2025-12-11T03:50:20.973092,0.51,0.49,1.0
2025-12-11T03:50:21.570946,0.505,0.495,1.0
2025-12-11T03:50:22.179170,0.51,0.49,1.0
2025-12-11T03:50:22.790003,0.52,0.48,1.0
2025-12-11T03:50:23.397701,0.525,0.475,1.0
2025-12-11T03:50:24.010064,0.545,0.455,1.0
2025-12-11T03:50:24.611340,0.54,0.46,1.0
2025-12-11T03:50:25.217523,0.54,0.46,1.0
2025-12-11T03:50:25.847754,0.535,0.465,1.0
2025-12-11T03:50:26.445583,0.515,0.485,1.0
2025-12-11T03:50:27.046792,0.505,0.495,1.0
2025-12-11T03:50:27.652222,0.505,0.49,0.995
2025-12-11T03:50:28.263083,0.51,0.49,1.0
2025-12-11T03:50:28.872934,0.515,0.485,1.0
2025-12-11T03:50:29.494362,0.515,0.485,1.0
2025-12-11T03:50:30.104139,0.515,0.485,1.0
2025-12-11T03:50:30.704017,0.515,0.485,1.0
2025-12-11T03:50:31.300207,0.505,0.495,1.0
2025-12-11T03:50:31.924776,0.505,0.495,1.0
2025-12-11T03:50:32.539918,0.505,0.485,0.99
2025-12-11T03:50:33.159074,0.5,0.5,1.0
2025-12-11T03:50:33.775160,0.5,0.5,1.0
2025-12-11T03:50:34.375111,0.5,0.5,1.0
2025-12-11T03:50:34.985015,0.5,0.5,1.0
2025-12-11T03:50:35.585744,0.5,0.5,1.0
2025-12-11T03:50:36.204364,0.495,0.505,1.0
2025-12-11T03:50:36.818399,0.5,0.5,1.0
2025-12-11T03:50:37.423604,0.5,0.5,1.0
2025-12-11T03:50:38.022189,0.5,0.5,1.0
2025-12-11T03:50:38.621215,0.5,0.5,1.0
2025-12-11T03:50:39.223427,0.5,0.5,1.0
2025-12-11T03:50:39.842148,0.5,0.5,1.0
2025-12-11T03:50:40.444822,0.505,0.495,1.0
2025-12-11T03:50:41.053631,0.515,0.485,1.0
2025-12-11T03:50:41.649626,0.525,0.475,1.0
2025-12-11T03:50:42.245415,0.54,0.46,1.0
2025-12-11T03:50:42.847898,0.55,0.45,1.0
2025-12-11T03:50:43.462639,0.555,0.445,1.0
2025-12-11T03:50:44.070948,0.555,0.445,1.0
2025-12-11T03:50:44.669097,0.565,0.435,1.0
2025-12-11T03:50:45.280703,0.575,0.425,1.0
2025-12-11T03:50:45.882439,0.565,0.435,1.0
2025-12-11T03:50:46.486116,0.56,0.44,1.0
2025-12-11T03:50:47.092357,0.565,0.435,1.0
2025-12-11T03:50:46.073341,0.57,0.43,1.0
2025-12-11T03:50:46.679848,0.565,0.435,1.0
2025-12-11T03:50:47.286303,0.555,0.445,1.0
2025-12-11T03:50:47.885662,0.555,0.445,1.0
2025-12-11T03:50:48.486280,0.555,0.445,1.0
2025-12-11T03:50:49.085482,0.555,0.445,1.0
2025-12-11T03:50:49.693198,0.555,0.445,1.0
2025-12-11T03:50:50.300471,0.555,0.445,1.0
2025-12-11T03:50:50.904387,0.555,0.445,1.0
2025-12-11T03:50:51.510280,0.555,0.445,1.0
2025-12-11T03:50:52.121906,0.555,0.445,1.0
2025-12-11T03:50:52.726470,0.555,0.445,1.0
2025-12-11T03:50:53.320179,0.555,0.445,1.0
2025-12-11T03:50:53.931006,0.555,0.445,1.0
2025-12-11T03:50:54.536649,0.56,0.44,1.0
2025-12-11T03:50:55.151542,0.565,0.435,1.0
2025-12-11T03:50:55.761576,0.565,0.435,1.0
2025-12-11T03:50:56.364611,0.565,0.435,1.0
2025-12-11T03:50:56.972038,0.565,0.435,1.0
2025-12-11T03:50:57.615889,0.565,0.435,1.0
2025-12-11T03:50:58.226070,0.56,0.44,1.0
2025-12-11T03:50:58.823963,0.56,0.44,1.0
2025-12-11T03:50:59.427199,0.56,0.44,1.0
2025-12-11T03:51:00.034300,0.56,0.44,1.0
2025-12-11T03:51:00.656709,0.565,0.435,1.0
2025-12-11T03:51:01.257953,0.575,0.425,1.0
2025-12-11T03:51:01.874258,0.56,0.45,1.01
2025-12-11T03:51:02.483167,0.535,0.465,1.0
2025-12-11T03:51:03.089808,0.515,0.485,1.0
2025-12-11T03:51:03.702008,0.495,0.505,1.0
2025-12-11T03:51:04.320119,0.495,0.505,1.0
2025-12-11T03:51:04.927718,0.495,0.505,1.0
2025-12-11T03:51:05.561011,0.5,0.5,1.0
2025-12-11T03:51:06.179380,0.505,0.495,1.0
2025-12-11T03:51:06.777777,0.505,0.495,1.0
2025-12-11T03:51:07.414475,0.505,0.495,1.0
2025-12-11T03:51:08.023463,0.51,0.495,1.005
2025-12-11T03:51:08.642560,0.505,0.495,1.0
2025-12-11T03:51:09.239169,0.505,0.495,1.0
2025-12-11T03:51:09.842261,0.505,0.495,1.0
2025-12-11T03:51:10.469667,0.505,0.495,1.0
2025-12-11T03:51:11.092610,0.505,0.495,1.0
2025-12-11T03:51:11.708965,0.505,0.495,1.0
2025-12-11T03:51:12.321301,0.505,0.495,1.0
2025-12-11T03:51:12.930958,0.5,0.5,1.0
2025-12-11T03:51:13.532987,0.505,0.495,1.0
2025-12-11T03:51:14.150425,0.5,0.5,1.0
2025-12-11T03:51:14.774182,0.5,0.5,1.0
2025-12-11T03:51:15.387743,0.5,0.5,1.0
2025-12-11T03:51:15.994878,0.5,0.5,1.0
2025-12-11T03:51:16.606804,0.51,0.49,1.0
2025-12-11T03:51:17.203300,0.485,0.515,1.0
2025-12-11T03:51:17.811759,0.475,0.52,0.995
2025-12-11T03:51:16.780822,0.485,0.515,1.0
2025-12-11T03:51:17.391797,0.475,0.525,1.0
2025-12-11T03:51:17.982615,0.485,0.515,1.0
2025-12-11T03:51:18.588956,0.485,0.505,0.99
2025-12-11T03:51:19.196598,0.495,0.515,1.01
2025-12-11T03:51:19.802945,0.495,0.505,1.0
2025-12-11T03:51:20.431516,0.54,0.455,0.9950000000000001
2025-12-11T03:51:21.047248,0.54,0.46,1.0
2025-12-11T03:51:21.648341,0.545,0.455,1.0
2025-12-11T03:51:22.252869,0.555,0.445,1.0
2025-12-11T03:51:22.860404,0.565,0.435,1.0
2025-12-11T03:51:23.467475,0.565,0.435,1.0
2025-12-11T03:51:24.078174,0.565,0.435,1.0
2025-12-11T03:51:24.698580,0.545,0.46,1.0050000000000001
2025-12-11T03:51:25.318062,0.515,0.485,1.0
2025-12-11T03:51:25.924059,0.505,0.495,1.0
2025-12-11T03:51:26.528884,0.505,0.495,1.0
2025-12-11T03:51:27.144145,0.505,0.495,1.0
2025-12-11T03:51:27.749639,0.505,0.495,1.0
2025-12-11T03:51:28.368381,0.5,0.5,1.0
2025-12-11T03:51:28.986250,0.495,0.505,1.0
2025-12-11T03:51:29.598181,0.48,0.52,1.0
2025-12-11T03:51:30.208586,0.485,0.515,1.0
2025-12-11T03:51:30.822956,0.485,0.515,1.0
2025-12-11T03:51:31.438993,0.485,0.515,1.0
2025-12-11T03:51:32.054337,0.49,0.51,1.0
2025-12-11T03:51:32.660651,0.495,0.505,1.0
2025-12-11T03:51:33.286887,0.475,0.52,0.995
2025-12-11T03:51:33.895910,0.49,0.51,1.0
2025-12-11T03:51:34.492734,0.49,0.51,1.0
2025-12-11T03:51:35.099716,0.485,0.515,1.0
2025-12-11T03:51:35.704652,0.485,0.515,1.0
2025-12-11T03:51:36.327003,0.485,0.515,1.0
2025-12-11T03:51:36.938362,0.485,0.52,1.005
2025-12-11T03:51:37.548868,0.475,0.525,1.0
2025-12-11T03:51:38.155636,0.5,0.495,0.995
2025-12-11T03:51:38.776623,0.52,0.48,1.0
2025-12-11T03:51:39.390588,0.525,0.475,1.0
2025-12-11T03:51:40.012276,0.545,0.455,1.0
2025-12-11T03:51:40.620204,0.565,0.435,1.0
2025-12-11T03:51:41.234860,0.56,0.44,1.0
2025-12-11T03:51:41.852471,0.56,0.44,1.0
2025-12-11T03:51:42.469915,0.54,0.46,1.0
2025-12-11T03:51:43.068476,0.535,0.46,0.9950000000000001
2025-12-11T03:51:43.671733,0.535,0.465,1.0
2025-12-11T03:51:44.280638,0.54,0.46,1.0
2025-12-11T03:51:44.888668,0.545,0.455,1.0
2025-12-11T03:51:45.497129,0.545,0.455,1.0
2025-12-11T03:51:46.106030,0.545,0.455,1.0
2025-12-11T03:51:46.720250,0.535,0.465,1.0
2025-12-11T03:51:47.332627,0.54,0.46,1.0
2025-12-11T03:51:47.947254,0.545,0.455,1.0
2025-12-11T03:51:48.560925,0.535,0.465,1.0
2025-12-11T03:51:47.601047,0.53,0.465,0.9950000000000001
2025-12-11T03:51:48.208963,0.53,0.47,1.0
2025-12-11T03:51:48.817515,0.525,0.475,1.0
2025-12-11T03:51:49.434398,0.53,0.47,1.0
2025-12-11T03:51:50.031811,0.53,0.47,1.0
2025-12-11T03:51:50.644709,0.52,0.485,1.005
2025-12-11T03:51:51.261803,0.525,0.475,1.0
2025-12-11T03:51:51.861207,0.52,0.48,1.0
2025-12-11T03:51:52.462790,0.515,0.485,1.0
2025-12-11T03:51:53.078925,0.505,0.495,1.0
2025-12-11T03:51:53.687017,0.495,0.505,1.0
2025-12-11T03:51:54.298871,0.495,0.505,1.0
2025-12-11T03:51:54.908383,0.485,0.515,1.0
2025-12-11T03:51:55.513583,0.49,0.51,1.0
2025-12-11T03:51:56.118698,0.505,0.505,1.01
2025-12-11T03:51:56.722635,0.49,0.51,1.0
2025-12-11T03:51:57.333983,0.485,0.515,1.0
2025-12-11T03:51:57.964662,0.485,0.52,1.005
2025-12-11T03:51:58.587768,0.47,0.525,0.995
2025-12-11T03:51:59.238503,0.475,0.525,1.0
2025-12-11T03:51:59.847726,0.465,0.535,1.0
2025-12-11T03:52:00.465810,0.465,0.535,1.0
2025-12-11T03:52:01.077323,0.465,0.535,1.0
2025-12-11T03:52:01.686032,0.465,0.535,1.0
2025-12-11T03:52:02.288352,0.455,0.545,1.0
2025-12-11T03:52:02.894308,0.435,0.565,1.0
2025-12-11T03:52:03.503598,0.435,0.575,1.01
2025-12-11T03:52:04.123905,0.445,0.555,1.0
2025-12-11T03:52:04.719385,0.445,0.53,0.9750000000000001
2025-12-11T03:52:05.316126,0.495,0.495,0.99
2025-12-11T03:52:05.928347,0.52,0.475,0.995
2025-12-11T03:52:06.533493,0.525,0.47,0.995
2025-12-11T03:52:07.146738,0.545,0.44,0.9850000000000001
2025-12-11T03:52:07.761735,0.55,0.445,0.9950000000000001
2025-12-11T03:52:08.363561,0.56,0.44,1.0
2025-12-11T03:52:09.055496,0.565,0.435,1.0
2025-12-11T03:52:09.719654,0.565,0.435,1.0
2025-12-11T03:52:10.330036,0.565,0.44,1.005
2025-12-11T03:52:10.941007,0.56,0.44,1.0
2025-12-11T03:52:11.549936,0.56,0.44,1.0
2025-12-11T03:52:12.165395,0.555,0.445,1.0
2025-12-11T03:52:12.768976,0.55,0.45,1.0
2025-12-11T03:52:13.372703,0.56,0.43,0.99
2025-12-11T03:52:13.984309,0.57,0.43,1.0
2025-12-11T03:52:14.605809,0.58,0.42,1.0
2025-12-11T03:52:15.217535,0.585,0.415,1.0
2025-12-11T03:52:15.827624,0.58,0.42,1.0
2025-12-11T03:52:16.431782,0.585,0.415,1.0
2025-12-11T03:52:17.154051,0.585,0.405,0.99
2025-12-11T03:52:17.780477,0.595,0.405,1.0
2025-12-11T03:52:18.376916,0.595,0.405,1.0
2025-12-11T03:52:18.985313,0.6,0.395,0.995
2025-12-11T03:52:18.006400,0.605,0.395,1.0
2025-12-11T03:52:18.621343,0.605,0.4,1.005
2025-12-11T03:52:19.241493,0.6,0.4,1.0
2025-12-11T03:52:19.839760,0.59,0.42,1.01
2025-12-11T03:52:20.437773,0.58,0.42,1.0
2025-12-11T03:52:21.052120,0.585,0.415,1.0
2025-12-11T03:52:21.662053,0.595,0.405,1.0
2025-12-11T03:52:22.279656,0.59,0.41,1.0
2025-12-11T03:52:22.890791,0.585,0.415,1.0
2025-12-11T03:52:23.499389,0.59,0.41,1.0
2025-12-11T03:52:24.103647,0.575,0.425,1.0
2025-12-11T03:52:24.714613,0.59,0.41,1.0
2025-12-11T03:52:25.324955,0.595,0.405,1.0
2025-12-11T03:52:25.926954,0.595,0.405,1.0
2025-12-11T03:52:26.548828,0.605,0.39,0.995
2025-12-11T03:52:27.156921,0.61,0.39,1.0
2025-12-11T03:52:27.762909,0.61,0.39,1.0
2025-12-11T03:52:28.375404,0.61,0.39,1.0
2025-12-11T03:52:28.979781,0.625,0.375,1.0
2025-12-11T03:52:29.597639,0.615,0.385,1.0
2025-12-11T03:52:30.208801,0.62,0.38,1.0
2025-12-11T03:52:30.818034,0.62,0.38,1.0
2025-12-11T03:52:31.433688,0.62,0.38,1.0
2025-12-11T03:52:32.035723,0.625,0.375,1.0
2025-12-11T03:52:32.647047,0.605,0.385,0.99
2025-12-11T03:52:33.260007,0.605,0.395,1.0
2025-12-11T03:52:33.872477,0.61,0.39,1.0
2025-12-11T03:52:34.482568,0.61,0.39,1.0
2025-12-11T03:52:35.134451,0.61,0.39,1.0
2025-12-11T03:52:35.749953,0.61,0.39,1.0
2025-12-11T03:52:36.348447,0.625,0.375,1.0
2025-12-11T03:52:36.941212,0.645,0.35,0.995
2025-12-11T03:52:37.545756,0.675,0.325,1.0
2025-12-11T03:52:38.145775,0.67,0.33,1.0
2025-12-11T03:52:38.757021,0.67,0.33,1.0
2025-12-11T03:52:39.373064,0.665,0.335,1.0
2025-12-11T03:52:39.970337,0.67,0.33,1.0
2025-12-11T03:52:40.574461,0.67,0.33,1.0
2025-12-11T03:52:41.180461,0.67,0.33,1.0
2025-12-11T03:52:41.790565,0.67,0.33,1.0
2025-12-11T03:52:42.402168,0.66,0.345,1.005
2025-12-11T03:52:43.003122,0.645,0.355,1.0
2025-12-11T03:52:43.596906,0.645,0.355,1.0
2025-12-11T03:52:44.192665,0.655,0.345,1.0
2025-12-11T03:52:44.795277,0.665,0.33,0.9950000000000001
2025-12-11T03:52:45.403606,0.675,0.325,1.0
2025-12-11T03:52:46.005359,0.695,0.305,1.0
2025-12-11T03:52:46.611179,0.695,0.295,0.99
2025-12-11T03:52:47.208724,0.665,0.335,1.0
2025-12-11T03:52:47.805020,0.66,0.34,1.0
2025-12-11T03:52:48.399536,0.66,0.34,1.0
2025-12-11T03:52:48.997960,0.665,0.325,0.99
2025-12-11T03:52:49.608781,0.695,0.305,1.0
2025-12-11T03:52:48.618626,0.695,0.305,1.0
2025-12-11T03:52:49.225762,0.695,0.305,1.0
2025-12-11T03:52:49.840102,0.705,0.295,1.0
2025-12-11T03:52:50.435392,0.705,0.295,1.0
2025-12-11T03:52:51.045889,0.705,0.295,1.0
2025-12-11T03:52:51.653721,0.705,0.295,1.0
2025-12-11T03:52:52.265488,0.705,0.295,1.0
2025-12-11T03:52:52.875856,0.705,0.295,1.0
2025-12-11T03:52:53.472828,0.715,0.285,1.0
2025-12-11T03:52:54.076287,0.71,0.29,1.0
2025-12-11T03:52:54.693291,0.71,0.29,1.0
2025-12-11T03:52:55.293878,0.71,0.29,1.0
2025-12-11T03:52:55.905725,0.71,0.29,1.0
2025-12-11T03:52:56.503269,0.715,0.285,1.0
2025-12-11T03:52:57.106391,0.715,0.285,1.0
2025-12-11T03:52:57.714786,0.71,0.29,1.0
2025-12-11T03:52:58.325761,0.725,0.275,1.0
2025-12-11T03:52:58.948349,0.725,0.275,1.0
2025-12-11T03:52:59.546436,0.725,0.275,1.0
2025-12-11T03:53:00.154699,0.735,0.265,1.0
2025-12-11T03:53:00.778219,0.735,0.265,1.0
2025-12-11T03:53:01.389294,0.735,0.265,1.0
2025-12-11T03:53:01.989788,0.715,0.285,1.0
2025-12-11T03:53:02.592660,0.665,0.335,1.0
2025-12-11T03:53:03.196266,0.745,0.255,1.0
2025-12-11T03:53:03.800782,0.67,0.335,1.0050000000000001
2025-12-11T03:53:04.404796,0.625,0.375,1.0
2025-12-11T03:53:05.010055,0.62,0.385,1.005
2025-12-11T03:53:05.611741,0.625,0.375,1.0
2025-12-11T03:53:06.212645,0.595,0.405,1.0
2025-12-11T03:53:06.814081,0.595,0.405,1.0
2025-12-11T03:53:07.415362,0.59,0.41,1.0
2025-12-11T03:53:08.019710,0.59,0.41,1.0
2025-12-11T03:53:08.625882,0.585,0.415,1.0
2025-12-11T03:53:09.234504,0.585,0.415,1.0
2025-12-11T03:53:09.828590,0.585,0.415,1.0
2025-12-11T03:53:10.434258,0.59,0.41,1.0
2025-12-11T03:53:11.049354,0.575,0.425,1.0
2025-12-11T03:53:11.652582,0.59,0.41,1.0
2025-12-11T03:53:12.255433,0.59,0.41,1.0
2025-12-11T03:53:12.861674,0.59,0.41,1.0
2025-12-11T03:53:13.465030,0.575,0.425,1.0
2025-12-11T03:53:14.170122,0.545,0.455,1.0
2025-12-11T03:53:14.781465,0.525,0.475,1.0
2025-12-11T03:53:15.398455,0.525,0.475,1.0
2025-12-11T03:53:16.003013,0.525,0.475,1.0
2025-12-11T03:53:16.607901,0.525,0.475,1.0
2025-12-11T03:53:17.211853,0.525,0.475,1.0
2025-12-11T03:53:17.816991,0.525,0.475,1.0
2025-12-11T03:53:18.412348,0.525,0.475,1.0
2025-12-11T03:53:19.017024,0.525,0.475,1.0
2025-12-11T03:53:19.620743,0.525,0.475,1.0
2025-12-11T03:53:20.224648,0.515,0.485,1.0
2025-12-11T03:53:19.223196,0.515,0.485,1.0
2025-12-11T03:53:19.833508,0.52,0.485,1.005
2025-12-11T03:53:20.448620,0.51,0.49,1.0
2025-12-11T03:53:21.058423,0.505,0.495,1.0
2025-12-11T03:53:21.669941,0.505,0.495,1.0
2025-12-11T03:53:22.271852,0.495,0.505,1.0
2025-12-11T03:53:22.885919,0.495,0.505,1.0
2025-12-11T03:53:23.486903,0.495,0.505,1.0
2025-12-11T03:53:24.093329,0.485,0.515,1.0
2025-12-11T03:53:24.701125,0.485,0.51,0.995
2025-12-11T03:53:25.301197,0.495,0.505,1.0
2025-12-11T03:53:25.909233,0.495,0.505,1.0
2025-12-11T03:53:26.525363,0.49,0.51,1.0
2025-12-11T03:53:27.126965,0.49,0.51,1.0
2025-12-11T03:53:27.738979,0.495,0.505,1.0
2025-12-11T03:53:28.340404,0.5,0.5,1.0
2025-12-11T03:53:28.938267,0.5,0.5,1.0
2025-12-11T03:53:29.537668,0.5,0.5,1.0
2025-12-11T03:53:30.146680,0.505,0.495,1.0
2025-12-11T03:53:30.766748,0.505,0.495,1.0
2025-12-11T03:53:31.373253,0.515,0.485,1.0
2025-12-11T03:53:31.989730,0.51,0.49,1.0
2025-12-11T03:53:32.587716,0.515,0.485,1.0
2025-12-11T03:53:33.199191,0.515,0.485,1.0
2025-12-11T03:53:33.809615,0.52,0.48,1.0
2025-12-11T03:53:34.416679,0.52,0.48,1.0
2025-12-11T03:53:35.025150,0.52,0.48,1.0
2025-12-11T03:53:35.635504,0.52,0.48,1.0
2025-12-11T03:53:36.237712,0.52,0.48,1.0
2025-12-11T03:53:36.847794,0.515,0.485,1.0
2025-12-11T03:53:37.453894,0.525,0.475,1.0
2025-12-11T03:53:38.062599,0.515,0.485,1.0
2025-12-11T03:53:38.681590,0.525,0.47,0.995
2025-12-11T03:53:39.280974,0.525,0.475,1.0
2025-12-11T03:53:39.883963,0.52,0.48,1.0
2025-12-11T03:53:40.499292,0.52,0.48,1.0
2025-12-11T03:53:41.108771,0.52,0.485,1.005
2025-12-11T03:53:41.714154,0.515,0.48,0.995
2025-12-11T03:53:42.305048,0.52,0.48,1.0
2025-12-11T03:53:42.904265,0.52,0.48,1.0
2025-12-11T03:53:43.508521,0.525,0.475,1.0
2025-12-11T03:53:44.125792,0.525,0.475,1.0
2025-12-11T03:53:44.738792,0.5,0.5,1.0
2025-12-11T03:53:45.337228,0.485,0.515,1.0
2025-12-11T03:53:45.935170,0.485,0.515,1.0
2025-12-11T03:53:46.537667,0.48,0.52,1.0
2025-12-11T03:53:47.144073,0.485,0.515,1.0
2025-12-11T03:53:47.752851,0.485,0.515,1.0
2025-12-11T03:53:48.350733,0.485,0.515,1.0
2025-12-11T03:53:48.962033,0.485,0.515,1.0
2025-12-11T03:53:49.570359,0.48,0.52,1.0
2025-12-11T03:53:50.186845,0.485,0.515,1.0
2025-12-11T03:53:50.796086,0.49,0.51,1.0
2025-12-11T03:53:49.811482,0.495,0.505,1.0
2025-12-11T03:53:50.412383,0.49,0.51,1.0
2025-12-11T03:53:51.020198,0.49,0.51,1.0
2025-12-11T03:53:51.617802,0.49,0.51,1.0
2025-12-11T03:53:52.227281,0.495,0.505,1.0
2025-12-11T03:53:52.823264,0.51,0.49,1.0
2025-12-11T03:53:53.429308,0.475,0.525,1.0
2025-12-11T03:53:54.046371,0.49,0.52,1.01
2025-12-11T03:53:54.648647,0.48,0.52,1.0
2025-12-11T03:53:55.262930,0.48,0.52,1.0
2025-12-11T03:53:55.860237,0.475,0.525,1.0
2025-12-11T03:53:56.470421,0.475,0.525,1.0
2025-12-11T03:53:57.076511,0.475,0.525,1.0
2025-12-11T03:53:57.686261,0.47,0.53,1.0
2025-12-11T03:53:58.297451,0.465,0.535,1.0
2025-12-11T03:53:58.901264,0.465,0.535,1.0
2025-12-11T03:53:59.511170,0.475,0.515,0.99
2025-12-11T03:54:00.125869,0.49,0.51,1.0
2025-12-11T03:54:00.718720,0.495,0.505,1.0
2025-12-11T03:54:01.332165,0.49,0.51,1.0
2025-12-11T03:54:01.931688,0.495,0.505,1.0
2025-12-11T03:54:02.541311,0.495,0.505,1.0
2025-12-11T03:54:03.151615,0.495,0.505,1.0
2025-12-11T03:54:03.756507,0.455,0.545,1.0
2025-12-11T03:54:04.371993,0.435,0.565,1.0
2025-12-11T03:54:04.970591,0.415,0.585,1.0
2025-12-11T03:54:05.581115,0.42,0.58,1.0
2025-12-11T03:54:06.190674,0.435,0.565,1.0
2025-12-11T03:54:06.809223,0.425,0.575,1.0
2025-12-11T03:54:07.425338,0.425,0.575,1.0
2025-12-11T03:54:08.034002,0.435,0.565,1.0
2025-12-11T03:54:08.645892,0.405,0.595,1.0
2025-12-11T03:54:09.252352,0.365,0.635,1.0
2025-12-11T03:54:09.861447,0.365,0.635,1.0
2025-12-11T03:54:10.472972,0.37,0.63,1.0
2025-12-11T03:54:11.075115,0.365,0.645,1.01
2025-12-11T03:54:11.675353,0.36,0.635,0.995
2025-12-11T03:54:12.287025,0.37,0.63,1.0
2025-12-11T03:54:12.904720,0.355,0.645,1.0
2025-12-11T03:54:13.522236,0.36,0.64,1.0
2025-12-11T03:54:14.132362,0.36,0.64,1.0
2025-12-11T03:54:14.743532,0.35,0.65,1.0
2025-12-11T03:54:15.348404,0.355,0.645,1.0
2025-12-11T03:54:15.947349,0.355,0.645,1.0
2025-12-11T03:54:16.550316,0.345,0.655,1.0
2025-12-11T03:54:17.161764,0.35,0.65,1.0
2025-12-11T03:54:17.764122,0.355,0.645,1.0
2025-12-11T03:54:18.370719,0.375,0.625,1.0
2025-12-11T03:54:18.967548,0.375,0.625,1.0
2025-12-11T03:54:19.564339,0.375,0.625,1.0
2025-12-11T03:54:20.175920,0.375,0.625,1.0
2025-12-11T03:54:20.807627,0.365,0.635,1.0
2025-12-11T03:54:21.411386,0.365,0.635,1.0
2025-12-11T03:54:20.411923,0.355,0.655,1.01
2025-12-11T03:54:21.008197,0.355,0.645,1.0
2025-12-11T03:54:21.610164,0.365,0.635,1.0
2025-12-11T03:54:22.216899,0.365,0.64,1.005
2025-12-11T03:54:22.811551,0.365,0.635,1.0
2025-12-11T03:54:23.416158,0.35,0.65,1.0
2025-12-11T03:54:24.019022,0.365,0.635,1.0
2025-12-11T03:54:24.621609,0.36,0.645,1.005
2025-12-11T03:54:25.224516,0.365,0.635,1.0
2025-12-11T03:54:25.826351,0.365,0.635,1.0
2025-12-11T03:54:26.425311,0.365,0.635,1.0
2025-12-11T03:54:27.053923,0.365,0.635,1.0
2025-12-11T03:54:27.653997,0.365,0.635,1.0
2025-12-11T03:54:28.253689,0.37,0.63,1.0
2025-12-11T03:54:28.858481,0.365,0.635,1.0
2025-12-11T03:54:29.469054,0.375,0.625,1.0
2025-12-11T03:54:30.068325,0.38,0.62,1.0
2025-12-11T03:54:30.669187,0.385,0.615,1.0
2025-12-11T03:54:31.264681,0.375,0.625,1.0
2025-12-11T03:54:31.876141,0.375,0.625,1.0
2025-12-11T03:54:32.487380,0.375,0.625,1.0
2025-12-11T03:54:33.107125,0.375,0.625,1.0
2025-12-11T03:54:33.708302,0.36,0.64,1.0
2025-12-11T03:54:34.321147,0.36,0.64,1.0
2025-12-11T03:54:34.932385,0.37,0.63,1.0
2025-12-11T03:54:35.543694,0.36,0.64,1.0
2025-12-11T03:54:36.157057,0.375,0.625,1.0
2025-12-11T03:54:36.755264,0.37,0.63,1.0
2025-12-11T03:54:37.369167,0.37,0.63,1.0
2025-12-11T03:54:37.986451,0.375,0.625,1.0
2025-12-11T03:54:38.589040,0.37,0.63,1.0
2025-12-11T03:54:39.200457,0.375,0.625,1.0
2025-12-11T03:54:39.803567,0.375,0.625,1.0
2025-12-11T03:54:40.423840,0.38,0.62,1.0
2025-12-11T03:54:41.023732,0.385,0.615,1.0
2025-12-11T03:54:41.626717,0.385,0.64,1.025
2025-12-11T03:54:42.231875,0.355,0.645,1.0
2025-12-11T03:54:42.836835,0.365,0.635,1.0
2025-12-11T03:54:43.450019,0.37,0.63,1.0
2025-12-11T03:54:44.058068,0.365,0.635,1.0
2025-12-11T03:54:44.663657,0.365,0.63,0.995
2025-12-11T03:54:45.267406,0.35,0.655,1.005
2025-12-11T03:54:45.869863,0.345,0.655,1.0
2025-12-11T03:54:46.470894,0.325,0.68,1.0050000000000001
2025-12-11T03:54:47.068459,0.315,0.685,1.0
2025-12-11T03:54:47.675653,0.325,0.67,0.9950000000000001
2025-12-11T03:54:48.270330,0.33,0.67,1.0
2025-12-11T03:54:48.877359,0.33,0.67,1.0
2025-12-11T03:54:49.483952,0.33,0.67,1.0
2025-12-11T03:54:50.078394,0.33,0.67,1.0
2025-12-11T03:54:50.674848,0.33,0.67,1.0
2025-12-11T03:54:51.273453,0.335,0.66,0.9950000000000001
2025-12-11T03:54:51.883804,0.345,0.655,1.0
2025-12-11T03:54:52.495205,0.35,0.65,1.0
2025-12-11T03:54:51.509834,0.35,0.645,0.995
2025-12-11T03:54:52.122385,0.355,0.645,1.0
2025-12-11T03:54:52.733362,0.36,0.635,0.995
2025-12-11T03:54:53.342759,0.375,0.625,1.0
2025-12-11T03:54:53.942911,0.375,0.625,1.0
2025-12-11T03:54:54.555739,0.375,0.625,1.0
2025-12-11T03:54:55.166961,0.375,0.625,1.0
2025-12-11T03:54:55.758901,0.375,0.625,1.0
2025-12-11T03:54:56.359345,0.375,0.625,1.0
2025-12-11T03:54:56.959042,0.375,0.625,1.0
2025-12-11T03:54:57.560202,0.375,0.625,1.0
2025-12-11T03:54:58.168029,0.35,0.65,1.0
2025-12-11T03:54:58.775477,0.345,0.655,1.0
2025-12-11T03:54:59.386239,0.345,0.655,1.0
2025-12-11T03:54:59.994386,0.355,0.645,1.0
2025-12-11T03:55:00.592993,0.355,0.645,1.0
2025-12-11T03:55:01.201563,0.355,0.645,1.0
2025-12-11T03:55:01.801662,0.355,0.635,0.99
2025-12-11T03:55:02.411260,0.365,0.635,1.0
2025-12-11T03:55:03.035857,0.385,0.615,1.0
2025-12-11T03:55:03.642532,0.395,0.605,1.0
2025-12-11T03:55:04.241102,0.405,0.595,1.0
2025-12-11T03:55:04.850510,0.415,0.585,1.0
2025-12-11T03:55:05.454285,0.395,0.605,1.0
2025-12-11T03:55:06.059808,0.395,0.605,1.0
2025-12-11T03:55:06.657906,0.395,0.605,1.0
2025-12-11T03:55:07.272079,0.385,0.615,1.0
2025-12-11T03:55:07.874024,0.345,0.655,1.0
2025-12-11T03:55:08.473916,0.345,0.655,1.0
2025-12-11T03:55:09.083401,0.355,0.645,1.0
2025-12-11T03:55:09.689857,0.33,0.67,1.0
2025-12-11T03:55:10.298772,0.325,0.675,1.0
2025-12-11T03:55:10.910815,0.325,0.675,1.0
2025-12-11T03:55:11.522243,0.335,0.665,1.0
2025-12-11T03:55:12.136339,0.335,0.665,1.0
2025-12-11T03:55:12.763230,0.335,0.665,1.0
2025-12-11T03:55:13.363899,0.325,0.675,1.0
2025-12-11T03:55:13.977111,0.315,0.685,1.0
2025-12-11T03:55:14.570570,0.305,0.695,1.0
2025-12-11T03:55:15.180572,0.31,0.69,1.0
2025-12-11T03:55:15.779982,0.31,0.69,1.0
2025-12-11T03:55:16.401692,0.31,0.69,1.0
2025-12-11T03:55:17.004593,0.305,0.705,1.01
2025-12-11T03:55:17.605336,0.295,0.705,1.0
2025-12-11T03:55:18.217568,0.29,0.71,1.0
2025-12-11T03:55:18.817049,0.275,0.725,1.0
2025-12-11T03:55:19.415161,0.275,0.725,1.0
2025-12-11T03:55:20.014133,0.275,0.725,1.0
2025-12-11T03:55:20.615897,0.275,0.725,1.0
2025-12-11T03:55:21.231481,0.275,0.725,1.0
2025-12-11T03:55:21.833219,0.275,0.725,1.0
2025-12-11T03:55:22.443839,0.275,0.725,1.0
2025-12-11T03:55:23.051537,0.275,0.725,1.0
2025-12-11T03:55:22.078442,0.27,0.73,1.0
2025-12-11T03:55:22.689336,0.27,0.73,1.0
2025-12-11T03:55:23.300460,0.27,0.73,1.0
2025-12-11T03:55:23.904015,0.27,0.73,1.0
2025-12-11T03:55:24.515497,0.27,0.73,1.0
2025-12-11T03:55:25.120824,0.27,0.73,1.0
2025-12-11T03:55:25.727443,0.27,0.73,1.0
2025-12-11T03:55:26.337138,0.265,0.735,1.0
2025-12-11T03:55:26.934716,0.27,0.73,1.0
2025-12-11T03:55:27.546664,0.27,0.73,1.0
2025-12-11T03:55:28.147951,0.275,0.73,1.005
2025-12-11T03:55:28.760881,0.275,0.725,1.0
2025-12-11T03:55:29.371856,0.275,0.725,1.0
2025-12-11T03:55:29.987925,0.295,0.705,1.0
2025-12-11T03:55:30.596693,0.305,0.695,1.0
2025-12-11T03:55:31.213365,0.305,0.695,1.0
2025-12-11T03:55:31.822896,0.315,0.685,1.0
2025-12-11T03:55:32.429723,0.325,0.675,1.0
2025-12-11T03:55:33.045021,0.325,0.675,1.0
2025-12-11T03:55:33.657807,0.335,0.66,0.9950000000000001
2025-12-11T03:55:34.270060,0.34,0.66,1.0
2025-12-11T03:55:34.868890,0.335,0.665,1.0
2025-12-11T03:55:35.472773,0.335,0.665,1.0
2025-12-11T03:55:36.078305,0.335,0.665,1.0
2025-12-11T03:55:36.695334,0.32,0.685,1.0050000000000001
2025-12-11T03:55:37.307312,0.295,0.71,1.005
2025-12-11T03:55:37.911162,0.265,0.735,1.0
2025-12-11T03:55:38.551347,0.265,0.735,1.0
2025-12-11T03:55:39.159529,0.28,0.72,1.0
2025-12-11T03:55:39.771144,0.275,0.725,1.0
2025-12-11T03:55:40.399885,0.275,0.725,1.0
2025-12-11T03:55:40.994532,0.285,0.715,1.0
2025-12-11T03:55:41.594088,0.285,0.715,1.0
2025-12-11T03:55:42.191719,0.295,0.705,1.0
2025-12-11T03:55:42.798855,0.315,0.685,1.0
2025-12-11T03:55:43.414473,0.31,0.69,1.0
2025-12-11T03:55:44.028719,0.265,0.735,1.0
2025-12-11T03:55:44.640933,0.285,0.715,1.0
2025-12-11T03:55:45.251160,0.275,0.725,1.0
2025-12-11T03:55:45.867650,0.285,0.715,1.0
2025-12-11T03:55:46.474313,0.285,0.715,1.0
2025-12-11T03:55:47.088611,0.285,0.715,1.0
2025-12-11T03:55:47.703900,0.285,0.715,1.0
2025-12-11T03:55:48.314992,0.29,0.71,1.0
2025-12-11T03:55:48.926575,0.29,0.71,1.0
2025-12-11T03:55:49.541371,0.285,0.715,1.0
2025-12-11T03:55:50.154398,0.285,0.715,1.0
2025-12-11T03:55:50.776970,0.285,0.715,1.0
2025-12-11T03:55:51.387716,0.29,0.705,0.9949999999999999
2025-12-11T03:55:52.013457,0.295,0.705,1.0
2025-12-11T03:55:52.612249,0.295,0.705,1.0
2025-12-11T03:55:53.237787,0.285,0.715,1.0
2025-12-11T03:55:53.849987,0.285,0.71,0.9949999999999999
2025-12-11T03:55:52.876057,0.295,0.705,1.0
2025-12-11T03:55:53.493443,0.295,0.705,1.0
2025-12-11T03:55:54.106949,0.295,0.705,1.0
2025-12-11T03:55:54.713650,0.315,0.685,1.0
2025-12-11T03:55:55.322107,0.315,0.685,1.0
2025-12-11T03:55:55.931802,0.305,0.695,1.0
2025-12-11T03:55:56.538265,0.315,0.685,1.0
2025-12-11T03:55:57.147441,0.315,0.685,1.0
2025-12-11T03:55:57.755376,0.315,0.685,1.0
2025-12-11T03:55:58.362538,0.315,0.685,1.0
2025-12-11T03:55:58.973345,0.31,0.69,1.0
2025-12-11T03:55:59.580008,0.305,0.695,1.0
2025-12-11T03:56:00.202903,0.305,0.695,1.0
2025-12-11T03:56:00.818144,0.305,0.695,1.0
2025-12-11T03:56:01.420112,0.305,0.695,1.0
2025-12-11T03:56:02.032275,0.31,0.69,1.0
2025-12-11T03:56:02.629798,0.295,0.705,1.0
2025-12-11T03:56:03.249642,0.275,0.73,1.005
2025-12-11T03:56:03.855963,0.265,0.735,1.0
2025-12-11T03:56:04.468402,0.27,0.73,1.0
2025-12-11T03:56:05.062104,0.265,0.735,1.0
2025-12-11T03:56:05.667791,0.255,0.745,1.0
2025-12-11T03:56:06.279069,0.255,0.745,1.0
2025-12-11T03:56:06.893021,0.255,0.745,1.0
2025-12-11T03:56:07.509598,0.255,0.745,1.0
2025-12-11T03:56:08.121046,0.255,0.745,1.0
2025-12-11T03:56:08.728549,0.255,0.745,1.0
2025-12-11T03:56:09.329009,0.255,0.745,1.0
2025-12-11T03:56:09.939270,0.255,0.745,1.0
2025-12-11T03:56:10.549674,0.25,0.755,1.005
2025-12-11T03:56:11.165333,0.235,0.765,1.0
2025-12-11T03:56:11.762694,0.235,0.765,1.0
2025-12-11T03:56:12.419952,0.235,0.765,1.0
2025-12-11T03:56:13.038646,0.225,0.775,1.0
2025-12-11T03:56:13.653208,0.235,0.765,1.0
2025-12-11T03:56:14.269455,0.255,0.745,1.0
2025-12-11T03:56:14.880251,0.27,0.73,1.0
2025-12-11T03:56:15.491177,0.27,0.73,1.0
2025-12-11T03:56:16.097362,0.26,0.74,1.0
2025-12-11T03:56:16.698503,0.255,0.745,1.0
2025-12-11T03:56:17.298063,0.265,0.735,1.0
2025-12-11T03:56:17.906848,0.265,0.735,1.0
2025-12-11T03:56:18.506587,0.26,0.74,1.0
2025-12-11T03:56:19.102989,0.26,0.735,0.995
2025-12-11T03:56:19.710708,0.275,0.725,1.0
2025-12-11T03:56:20.318246,0.265,0.735,1.0
2025-12-11T03:56:20.929212,0.255,0.745,1.0
2025-12-11T03:56:21.554964,0.26,0.74,1.0
2025-12-11T03:56:22.152711,0.265,0.735,1.0
2025-12-11T03:56:22.751167,0.265,0.735,1.0
2025-12-11T03:56:23.358429,0.265,0.735,1.0
2025-12-11T03:56:23.970039,0.265,0.735,1.0
2025-12-11T03:56:22.980659,0.265,0.735,1.0
2025-12-11T03:56:23.582363,0.27,0.73,1.0
2025-12-11T03:56:24.181748,0.27,0.73,1.0
2025-12-11T03:56:24.779401,0.27,0.73,1.0
2025-12-11T03:56:25.387023,0.265,0.735,1.0
2025-12-11T03:56:25.998262,0.285,0.715,1.0
2025-12-11T03:56:26.609520,0.285,0.715,1.0
2025-12-11T03:56:27.206503,0.295,0.705,1.0
2025-12-11T03:56:27.832802,0.295,0.705,1.0
2025-12-11T03:56:28.441262,0.295,0.705,1.0
2025-12-11T03:56:29.044884,0.295,0.705,1.0
2025-12-11T03:56:29.653971,0.295,0.705,1.0
2025-12-11T03:56:30.257152,0.31,0.69,1.0
2025-12-11T03:56:30.855600,0.315,0.685,1.0
2025-12-11T03:56:31.465884,0.315,0.685,1.0
2025-12-11T03:56:32.062487,0.32,0.68,1.0
2025-12-11T03:56:32.675987,0.325,0.675,1.0
2025-12-11T03:56:33.288728,0.325,0.675,1.0
2025-12-11T03:56:33.904954,0.315,0.685,1.0
2025-12-11T03:56:34.523396,0.33,0.665,0.9950000000000001
2025-12-11T03:56:35.135449,0.335,0.665,1.0
2025-12-11T03:56:35.734170,0.335,0.665,1.0
2025-12-11T03:56:36.333197,0.355,0.645,1.0
2025-12-11T03:56:36.944850,0.355,0.645,1.0
2025-12-11T03:56:37.557645,0.355,0.645,1.0
2025-12-11T03:56:38.177795,0.355,0.645,1.0
2025-12-11T03:56:38.792768,0.34,0.66,1.0
2025-12-11T03:56:39.390943,0.335,0.67,1.0050000000000001
2025-12-11T03:56:40.007884,0.28,0.72,1.0
2025-12-11T03:56:40.607297,0.275,0.725,1.0
2025-12-11T03:56:41.216054,0.295,0.71,1.005
2025-12-11T03:56:41.832413,0.28,0.725,1.005
2025-12-11T03:56:42.432234,0.265,0.735,1.0
2025-12-11T03:56:43.038048,0.265,0.735,1.0
2025-12-11T03:56:43.648161,0.265,0.735,1.0
2025-12-11T03:56:44.251860,0.265,0.735,1.0
2025-12-11T03:56:44.868286,0.245,0.755,1.0
2025-12-11T03:56:45.476706,0.245,0.76,1.005
2025-12-11T03:56:46.084805,0.235,0.765,1.0
2025-12-11T03:56:46.695087,0.235,0.765,1.0
2025-12-11T03:56:47.304643,0.235,0.765,1.0
2025-12-11T03:56:47.917919,0.235,0.765,1.0
2025-12-11T03:56:48.523582,0.235,0.775,1.01
2025-12-11T03:56:49.120720,0.235,0.765,1.0
2025-12-11T03:56:49.714549,0.235,0.765,1.0
2025-12-11T03:56:50.318059,0.23,0.77,1.0
2025-12-11T03:56:50.921080,0.235,0.765,1.0
2025-12-11T03:56:51.526444,0.235,0.765,1.0
2025-12-11T03:56:52.126568,0.235,0.765,1.0
2025-12-11T03:56:52.738956,0.23,0.77,1.0
2025-12-11T03:56:53.349877,0.225,0.775,1.0
2025-12-11T03:56:53.947929,0.23,0.775,1.0050000000000001
2025-12-11T03:56:54.567469,0.23,0.77,1.0
2025-12-11T03:56:55.163864,0.235,0.765,1.0
2025-12-11T03:56:54.186304,0.23,0.765,0.995
2025-12-11T03:56:54.788372,0.24,0.76,1.0
2025-12-11T03:56:55.389025,0.245,0.755,1.0
2025-12-11T03:56:55.990825,0.245,0.755,1.0
2025-12-11T03:56:56.595542,0.245,0.755,1.0
2025-12-11T03:56:57.250889,0.23,0.77,1.0
2025-12-11T03:56:57.851955,0.225,0.775,1.0
2025-12-11T03:56:58.446801,0.22,0.78,1.0
2025-12-11T03:56:59.051552,0.225,0.775,1.0
2025-12-11T03:56:59.653604,0.22,0.78,1.0
2025-12-11T03:57:00.260673,0.215,0.785,1.0
2025-12-11T03:57:00.863879,0.215,0.785,1.0
2025-12-11T03:57:01.459943,0.215,0.785,1.0
2025-12-11T03:57:02.060545,0.215,0.785,1.0
2025-12-11T03:57:02.655981,0.215,0.785,1.0
2025-12-11T03:57:03.250178,0.215,0.785,1.0
2025-12-11T03:57:03.847986,0.2,0.8,1.0
2025-12-11T03:57:04.444470,0.21,0.79,1.0
2025-12-11T03:57:05.039319,0.215,0.79,1.0050000000000001
2025-12-11T03:57:05.643910,0.2,0.795,0.9950000000000001
2025-12-11T03:57:06.292490,0.21,0.79,1.0
2025-12-11T03:57:06.895071,0.21,0.79,1.0
2025-12-11T03:57:07.495187,0.205,0.795,1.0
2025-12-11T03:57:08.093315,0.195,0.805,1.0
2025-12-11T03:57:08.696886,0.2,0.8,1.0
2025-12-11T03:57:09.294838,0.21,0.79,1.0
2025-12-11T03:57:09.900284,0.185,0.83,1.015
2025-12-11T03:57:10.504797,0.13,0.865,0.995
2025-12-11T03:57:11.102105,0.12,0.88,1.0
2025-12-11T03:57:11.704491,0.115,0.885,1.0
2025-12-11T03:57:12.309539,0.12,0.88,1.0
2025-12-11T03:57:12.914029,0.105,0.895,1.0
2025-12-11T03:57:13.507994,0.11,0.895,1.0050000000000001
2025-12-11T03:57:14.101713,0.105,0.895,1.0
2025-12-11T03:57:14.697967,0.105,0.895,1.0
2025-12-11T03:57:15.308055,0.115,0.885,1.0
2025-12-11T03:57:15.914494,0.11,0.89,1.0
2025-12-11T03:57:16.526135,0.11,0.89,1.0
2025-12-11T03:57:17.119516,0.11,0.89,1.0
2025-12-11T03:57:17.726473,0.11,0.89,1.0
2025-12-11T03:57:18.602677,0.105,0.895,1.0
2025-12-11T03:57:19.204550,0.095,0.905,1.0
2025-12-11T03:57:19.814080,0.095,0.905,1.0
2025-12-11T03:57:20.428835,0.09,0.91,1.0
2025-12-11T03:57:21.040582,0.085,0.915,1.0
2025-12-11T03:57:21.644185,0.085,0.915,1.0
2025-12-11T03:57:22.251820,0.085,0.915,1.0
2025-12-11T03:57:22.863886,0.085,0.915,1.0
2025-12-11T03:57:23.461078,0.085,0.915,1.0
2025-12-11T03:57:24.068746,0.085,0.915,1.0
2025-12-11T03:57:24.666481,0.085,0.915,1.0
2025-12-11T03:57:25.270259,0.085,0.915,1.0
2025-12-11T03:57:25.866985,0.085,0.915,1.0
2025-12-11T03:57:24.879549,0.085,0.915,1.0
2025-12-11T03:57:25.493454,0.095,0.905,1.0
2025-12-11T03:57:26.093683,0.09,0.92,1.01
2025-12-11T03:57:26.696947,0.085,0.91,0.995
2025-12-11T03:57:27.298470,0.085,0.915,1.0
2025-12-11T03:57:27.904100,0.085,0.91,0.995
2025-12-11T03:57:28.512433,0.095,0.895,0.99
2025-12-11T03:57:29.126224,0.105,0.895,1.0
2025-12-11T03:57:29.726055,0.095,0.905,1.0
2025-12-11T03:57:30.329043,0.095,0.905,1.0
2025-12-11T03:57:30.927661,0.095,0.905,1.0
2025-12-11T03:57:31.536122,0.095,0.905,1.0
2025-12-11T03:57:32.152091,0.095,0.905,1.0
2025-12-11T03:57:32.748170,0.095,0.905,1.0
2025-12-11T03:57:33.349549,0.095,0.905,1.0
2025-12-11T03:57:33.944774,0.1,0.9,1.0
2025-12-11T03:57:34.544122,0.095,0.905,1.0
2025-12-11T03:57:35.151652,0.095,0.905,1.0
2025-12-11T03:57:35.748082,0.095,0.905,1.0
2025-12-11T03:57:36.342684,0.11,0.89,1.0
2025-12-11T03:57:36.945364,0.105,0.895,1.0
2025-12-11T03:57:37.555226,0.105,0.895,1.0
2025-12-11T03:57:38.177135,0.105,0.895,1.0
2025-12-11T03:57:38.768762,0.125,0.875,1.0
2025-12-11T03:57:39.440314,0.125,0.875,1.0
2025-12-11T03:57:40.048109,0.125,0.875,1.0
2025-12-11T03:57:40.646345,0.115,0.88,0.995
2025-12-11T03:57:41.254752,0.115,0.885,1.0
2025-12-11T03:57:41.857398,0.115,0.885,1.0
2025-12-11T03:57:42.465178,0.1,0.9,1.0
2025-12-11T03:57:43.066051,0.105,0.9,1.0050000000000001
2025-12-11T03:57:43.665343,0.095,0.905,1.0
2025-12-11T03:57:44.274867,0.095,0.905,1.0
2025-12-11T03:57:44.872181,0.095,0.905,1.0
2025-12-11T03:57:45.491051,0.095,0.905,1.0
2025-12-11T03:57:46.085585,0.095,0.905,1.0
2025-12-11T03:57:46.682907,0.095,0.905,1.0
2025-12-11T03:57:47.289402,0.095,0.905,1.0
2025-12-11T03:57:47.883766,0.095,0.905,1.0
2025-12-11T03:57:48.483596,0.095,0.905,1.0
2025-12-11T03:57:49.081006,0.105,0.895,1.0
2025-12-11T03:57:49.684248,0.115,0.885,1.0
2025-12-11T03:57:50.282790,0.115,0.885,1.0
2025-12-11T03:57:50.876471,0.135,0.865,1.0
2025-12-11T03:57:51.484030,0.135,0.865,1.0
2025-12-11T03:57:52.090668,0.135,0.865,1.0
2025-12-11T03:57:52.703779,0.135,0.865,1.0
2025-12-11T03:57:53.295045,0.135,0.865,1.0
2025-12-11T03:57:53.887220,0.135,0.865,1.0
2025-12-11T03:57:54.494623,0.13,0.87,1.0
2025-12-11T03:57:55.098620,0.135,0.865,1.0
2025-12-11T03:57:55.705652,0.135,0.865,1.0
2025-12-11T03:57:56.306959,0.135,0.87,1.005
2025-12-11T03:57:55.304766,0.13,0.87,1.0
2025-12-11T03:57:55.914175,0.13,0.87,1.0
2025-12-11T03:57:56.519297,0.12,0.88,1.0
2025-12-11T03:57:57.118933,0.12,0.88,1.0
2025-12-11T03:57:57.769381,0.115,0.885,1.0
2025-12-11T03:57:58.366087,0.115,0.885,1.0
2025-12-11T03:57:58.963701,0.115,0.885,1.0
2025-12-11T03:57:59.571644,0.115,0.885,1.0
2025-12-11T03:58:00.180487,0.115,0.885,1.0
2025-12-11T03:58:00.776969,0.115,0.885,1.0
2025-12-11T03:58:01.377007,0.115,0.885,1.0
2025-12-11T03:58:01.970771,0.115,0.885,1.0
2025-12-11T03:58:02.580912,0.115,0.875,0.99
2025-12-11T03:58:03.184064,0.12,0.88,1.0
2025-12-11T03:58:03.796103,0.115,0.885,1.0
2025-12-11T03:58:04.390480,0.115,0.885,1.0
2025-12-11T03:58:04.996703,0.115,0.885,1.0
2025-12-11T03:58:05.606256,0.115,0.885,1.0
2025-12-11T03:58:06.207574,0.115,0.885,1.0
2025-12-11T03:58:06.818200,0.11,0.89,1.0
2025-12-11T03:58:07.420226,0.11,0.89,1.0
2025-12-11T03:58:08.020841,0.11,0.89,1.0
2025-12-11T03:58:08.625647,0.105,0.895,1.0
2025-12-11T03:58:09.241563,0.105,0.895,1.0
2025-12-11T03:58:09.851269,0.105,0.895,1.0
2025-12-11T03:58:10.454960,0.105,0.895,1.0
2025-12-11T03:58:11.054673,0.105,0.895,1.0
2025-12-11T03:58:11.663110,0.105,0.895,1.0
2025-12-11T03:58:12.269673,0.105,0.895,1.0
2025-12-11T03:58:12.880020,0.095,0.905,1.0
2025-12-11T03:58:13.473028,0.075,0.925,1.0
2025-12-11T03:58:14.080596,0.065,0.935,1.0
2025-12-11T03:58:14.686167,0.065,0.935,1.0
2025-12-11T03:58:15.299508,0.065,0.935,1.0
2025-12-11T03:58:15.907958,0.065,0.935,1.0
2025-12-11T03:58:16.505554,0.065,0.935,1.0
2025-12-11T03:58:17.143808,0.06,0.94,1.0
2025-12-11T03:58:17.757486,0.055,0.945,1.0
2025-12-11T03:58:18.366739,0.055,0.945,1.0
2025-12-11T03:58:18.965930,0.055,0.945,1.0
2025-12-11T03:58:19.564724,0.065,0.935,1.0
2025-12-11T03:58:20.184646,0.06,0.94,1.0
2025-12-11T03:58:20.790184,0.06,0.945,1.005
2025-12-11T03:58:21.388362,0.05,0.95,1.0
2025-12-11T03:58:21.996666,0.05,0.95,1.0
2025-12-11T03:58:22.596255,0.06,0.935,0.9950000000000001
2025-12-11T03:58:23.203733,0.065,0.935,1.0
2025-12-11T03:58:23.832227,0.055,0.945,1.0
2025-12-11T03:58:24.432771,0.06,0.94,1.0
2025-12-11T03:58:25.030103,0.07,0.93,1.0
2025-12-11T03:58:25.644360,0.075,0.925,1.0
2025-12-11T03:58:26.252319,0.065,0.935,1.0
2025-12-11T03:58:26.866285,0.07,0.93,1.0
2025-12-11T03:58:25.872147,0.07,0.93,1.0
2025-12-11T03:58:26.478571,0.065,0.935,1.0
2025-12-11T03:58:27.078581,0.075,0.925,1.0
2025-12-11T03:58:27.689714,0.08,0.92,1.0
2025-12-11T03:58:28.320334,0.08,0.925,1.0050000000000001
2025-12-11T03:58:28.916824,0.075,0.925,1.0
2025-12-11T03:58:29.514783,0.075,0.925,1.0
2025-12-11T03:58:30.111856,0.07,0.93,1.0
2025-12-11T03:58:30.724947,0.07,0.935,1.0050000000000001
2025-12-11T03:58:31.335467,0.065,0.93,0.9950000000000001
2025-12-11T03:58:31.946843,0.08,0.915,0.995
2025-12-11T03:58:32.555332,0.095,0.905,1.0
2025-12-11T03:58:33.158577,0.115,0.885,1.0
2025-12-11T03:58:33.760232,0.16,0.835,0.995
2025-12-11T03:58:34.372310,0.175,0.82,0.9949999999999999
2025-12-11T03:58:34.966526,0.2,0.8,1.0
2025-12-11T03:58:35.563376,0.205,0.795,1.0
2025-12-11T03:58:36.169819,0.215,0.785,1.0
2025-12-11T03:58:36.776437,0.215,0.785,1.0
2025-12-11T03:58:37.382136,0.225,0.775,1.0
2025-12-11T03:58:37.988898,0.225,0.775,1.0
2025-12-11T03:58:38.582593,0.24,0.77,1.01
2025-12-11T03:58:39.838345,0.28,0.73,1.01
2025-12-11T03:58:40.446939,0.295,0.705,1.0
2025-12-11T03:58:41.072578,0.26,0.74,1.0
2025-12-11T03:58:41.684089,0.245,0.755,1.0
2025-12-11T03:58:42.283208,0.23,0.77,1.0
2025-12-11T03:58:42.889176,0.195,0.805,1.0
2025-12-11T03:58:43.507843,0.195,0.805,1.0
2025-12-11T03:58:44.108694,0.185,0.815,1.0
2025-12-11T03:58:44.716717,0.175,0.825,1.0
2025-12-11T03:58:45.314489,0.175,0.825,1.0
2025-12-11T03:58:45.912624,0.175,0.835,1.01
2025-12-11T03:58:46.512013,0.165,0.835,1.0
2025-12-11T03:58:47.124351,0.155,0.845,1.0
2025-12-11T03:58:47.738102,0.145,0.855,1.0
2025-12-11T03:58:48.346276,0.15,0.845,0.995
2025-12-11T03:58:48.947011,0.155,0.85,1.005
2025-12-11T03:58:49.556455,0.16,0.84,1.0
2025-12-11T03:58:50.159036,0.16,0.825,0.985
2025-12-11T03:58:50.769700,0.175,0.825,1.0
2025-12-11T03:58:51.386747,0.185,0.815,1.0
2025-12-11T03:58:52.003116,0.185,0.815,1.0
2025-12-11T03:58:52.615266,0.185,0.815,1.0
2025-12-11T03:58:53.224167,0.185,0.815,1.0
2025-12-11T03:58:53.834989,0.185,0.815,1.0
2025-12-11T03:58:54.427710,0.185,0.815,1.0
2025-12-11T03:58:55.041658,0.175,0.825,1.0
2025-12-11T03:58:55.645545,0.165,0.835,1.0
2025-12-11T03:58:56.251021,0.165,0.835,1.0
2025-12-11T03:58:56.855585,0.165,0.835,1.0
2025-12-11T03:58:57.469535,0.155,0.845,1.0
2025-12-11T03:58:56.496990,0.17,0.835,1.005
2025-12-11T03:58:57.094223,0.17,0.83,1.0
2025-12-11T03:58:57.689616,0.165,0.835,1.0
2025-12-11T03:58:58.293956,0.155,0.845,1.0
2025-12-11T03:58:58.902392,0.165,0.835,1.0
2025-12-11T03:58:59.511782,0.17,0.83,1.0
2025-12-11T03:59:00.121101,0.165,0.835,1.0
2025-12-11T03:59:00.712629,0.155,0.85,1.005
2025-12-11T03:59:01.308805,0.15,0.85,1.0
2025-12-11T03:59:01.922723,0.15,0.85,1.0
2025-12-11T03:59:02.530240,0.135,0.865,1.0
2025-12-11T03:59:03.129843,0.09,0.91,1.0
2025-12-11T03:59:03.725211,0.07,0.93,1.0
2025-12-11T03:59:04.323493,0.065,0.935,1.0
2025-12-11T03:59:04.916951,0.075,0.925,1.0
2025-12-11T03:59:05.519523,0.08,0.92,1.0
2025-12-11T03:59:06.132351,0.065,0.935,1.0
2025-12-11T03:59:06.739326,0.065,0.935,1.0
2025-12-11T03:59:07.339636,0.06,0.94,1.0
2025-12-11T03:59:07.945733,0.055,0.945,1.0
2025-12-11T03:59:08.555147,0.065,0.935,1.0
2025-12-11T03:59:09.153717,0.06,0.94,1.0
2025-12-11T03:59:09.758492,0.055,0.945,1.0
2025-12-11T03:59:10.363693,0.055,0.945,1.0
2025-12-11T03:59:11.056179,0.055,0.945,1.0
2025-12-11T03:59:11.651186,0.05,0.95,1.0
2025-12-11T03:59:12.251856,0.05,0.95,1.0
2025-12-11T03:59:12.859919,0.05,0.95,1.0
2025-12-11T03:59:13.488457,0.045,0.955,1.0
2025-12-11T03:59:14.103666,0.095,0.905,1.0
2025-12-11T03:59:14.722495,0.095,0.905,1.0
2025-12-11T03:59:15.328697,0.085,0.91,0.995
2025-12-11T03:59:15.931180,0.1,0.9,1.0
2025-12-11T03:59:16.531070,0.095,0.905,1.0
2025-12-11T03:59:17.134890,0.1,0.9,1.0
2025-12-11T03:59:17.743189,0.105,0.895,1.0
2025-12-11T03:59:18.349970,0.16,0.84,1.0
2025-12-11T03:59:18.953349,0.18,0.82,1.0
2025-12-11T03:59:19.550625,0.195,0.805,1.0
2025-12-11T03:59:20.159564,0.195,0.805,1.0
2025-12-11T03:59:20.766635,0.195,0.805,1.0
2025-12-11T03:59:21.392932,0.195,0.805,1.0
2025-12-11T03:59:21.988325,0.195,0.805,1.0
2025-12-11T03:59:22.597294,0.155,0.85,1.005
2025-12-11T03:59:23.209235,0.155,0.845,1.0
2025-12-11T03:59:23.801054,0.16,0.84,1.0
2025-12-11T03:59:24.413152,0.15,0.85,1.0
2025-12-11T03:59:25.019908,0.155,0.845,1.0
2025-12-11T03:59:25.629766,0.155,0.845,1.0
2025-12-11T03:59:26.234711,0.155,0.845,1.0
2025-12-11T03:59:26.832381,0.165,0.835,1.0
2025-12-11T03:59:27.439571,0.16,0.84,1.0
2025-12-11T03:59:28.063719,0.155,0.845,1.0
2025-12-11T03:59:27.079381,0.155,0.845,1.0
2025-12-11T03:59:27.692190,0.155,0.845,1.0
2025-12-11T03:59:28.295996,0.155,0.845,1.0
2025-12-11T03:59:28.953076,0.155,0.85,1.005
2025-12-11T03:59:29.569373,0.15,0.85,1.0
2025-12-11T03:59:30.185816,0.145,0.855,1.0
2025-12-11T03:59:30.788830,0.145,0.855,1.0
2025-12-11T03:59:31.399441,0.13,0.87,1.0
2025-12-11T03:59:32.010298,0.125,0.875,1.0
2025-12-11T03:59:32.621339,0.125,0.875,1.0
2025-12-11T03:59:33.231895,0.13,0.87,1.0
2025-12-11T03:59:33.832206,0.13,0.87,1.0
2025-12-11T03:59:34.445575,0.135,0.865,1.0
2025-12-11T03:59:35.042193,0.125,0.87,0.995
2025-12-11T03:59:35.655878,0.125,0.875,1.0
2025-12-11T03:59:36.264341,0.115,0.885,1.0
2025-12-11T03:59:36.878376,0.115,0.885,1.0
2025-12-11T03:59:37.479305,0.115,0.885,1.0
2025-12-11T03:59:38.124319,0.115,0.885,1.0
2025-12-11T03:59:38.733161,0.115,0.885,1.0
2025-12-11T03:59:39.347394,0.11,0.89,1.0
2025-12-11T03:59:39.957222,0.105,0.895,1.0
2025-12-11T03:59:40.552926,0.105,0.895,1.0
2025-12-11T03:59:41.165863,0.095,0.905,1.0
2025-12-11T03:59:41.780046,0.085,0.915,1.0
2025-12-11T03:59:42.384080,0.085,0.915,1.0
2025-12-11T03:59:42.991812,0.1,0.9,1.0
2025-12-11T03:59:43.600031,0.09,0.915,1.0050000000000001
2025-12-11T03:59:44.208392,0.08,0.92,1.0
2025-12-11T03:59:44.815157,0.07,0.93,1.0
2025-12-11T03:59:45.414916,0.07,0.93,1.0
2025-12-11T03:59:46.020070,0.055,0.94,0.995
2025-12-11T03:59:46.625352,0.1,0.905,1.0050000000000001
2025-12-11T03:59:47.230414,0.08,0.92,1.0
2025-12-11T03:59:47.836146,0.09,0.91,1.0
2025-12-11T03:59:48.434975,0.08,0.92,1.0
2025-12-11T03:59:49.041012,0.085,0.915,1.0
2025-12-11T03:59:49.634259,0.08,0.92,1.0
2025-12-11T03:59:50.241254,0.065,0.935,1.0
2025-12-11T03:59:50.841996,0.065,0.935,1.0
2025-12-11T03:59:51.445892,0.06,0.94,1.0
2025-12-11T03:59:52.054558,0.05,0.95,1.0
2025-12-11T03:59:52.660798,0.06,0.94,1.0
2025-12-11T03:59:53.262918,0.05,0.95,1.0
2025-12-11T03:59:53.859096,0.025,0.975,1.0
2025-12-11T03:59:54.461877,0.005,0.995,1.0
2025-12-11T03:59:55.064733,0.005,0.995,1.0
2025-12-11T03:59:55.676330,0.005,0.995,1.0
2025-12-11T03:59:56.275936,0.005,0.995,1.0
2025-12-11T03:59:56.876131,0.005,0.995,1.0
2025-12-11T03:59:57.475084,0.005,0.995,1.0
2025-12-11T03:59:58.073047,0.005,0.995,1.0
2025-12-11T03:59:58.673443,0.005,0.995,1.0
2025-12-11T03:59:57.680174,0.005,0.995,1.0
2025-12-11T03:59:58.289163,0.005,0.995,1.0
2025-12-11T03:59:58.896331,0.005,0.995,1.0
2025-12-11T03:59:59.511768,0.005,0.995,1.0
2025-12-11T04:00:00.108092,0.005,0.995,1.0
2025-12-11T04:00:00.709263,0.005,0.995,1.0
2025-12-11T04:00:01.315257,0.005,0.995,1.0
2025-12-11T04:00:01.924864,0.005,0.995,1.0
2025-12-11T04:00:02.525876,0.995,0.005,1.0
2025-12-11T04:00:03.135794,0.995,0.005,1.0
2025-12-11T04:00:03.740102,0.995,0.005,1.0
2025-12-11T04:00:04.337796,0.995,0.005,1.0
2025-12-11T04:00:04.949952,0.995,0.005,1.0
2025-12-11T04:00:05.560528,0.995,0.005,1.0
2025-12-11T04:00:06.226627,0.995,0.005,1.0
2025-12-11T04:00:06.835704,0.995,0.005,1.0
2025-12-11T04:00:07.442752,0.995,0.005,1.0
2025-12-11T04:00:08.053031,0.995,0.005,1.0
2025-12-11T04:00:08.648699,0.995,0.005,1.0
2025-12-11T04:00:09.261036,0.995,0.005,1.0
2025-12-11T04:00:09.860063,0.995,0.005,1.0
2025-12-11T04:00:10.460647,0.995,0.005,1.0
2025-12-11T04:00:11.072181,0.995,0.005,1.0
2025-12-11T04:00:11.667827,0.995,0.005,1.0
2025-12-11T04:00:12.282240,0.995,0.005,1.0
2025-12-11T04:00:12.880214,0.995,0.005,1.0
2025-12-11T04:00:13.497171,0.995,0.005,1.0
2025-12-11T04:00:14.100594,0.995,0.005,1.0
2025-12-11T04:00:14.713859,0.995,0.005,1.0
2025-12-11T04:00:15.328859,0.995,0.005,1.0
2025-12-11T04:00:15.937306,0.995,0.005,1.0
2025-12-11T04:00:16.547061,0.995,0.005,1.0
2025-12-11T04:00:17.144635,0.995,0.005,1.0
2025-12-11T04:00:17.759457,0.995,0.005,1.0
2025-12-11T04:00:18.380896,0.995,0.005,1.0
2025-12-11T04:00:18.995241,0.995,0.005,1.0
2025-12-11T04:00:19.611414,0.995,0.005,1.0
2025-12-11T04:00:20.228700,0.995,0.005,1.0
2025-12-11T04:00:20.839330,0.995,0.005,1.0
2025-12-11T04:00:21.452599,0.995,0.005,1.0
2025-12-11T04:00:22.062956,0.995,0.005,1.0
2025-12-11T04:00:22.660304,0.995,0.005,1.0
2025-12-11T04:00:23.268659,0.995,0.005,1.0
2025-12-11T04:00:23.920633,0.995,0.005,1.0
2025-12-11T04:00:24.517202,0.995,0.005,1.0
2025-12-11T04:00:25.119248,0.995,0.005,1.0
2025-12-11T04:00:25.728141,0.995,0.005,1.0
2025-12-11T04:00:26.331493,0.995,0.005,1.0
2025-12-11T04:00:26.934296,0.995,0.005,1.0
2025-12-11T04:00:27.536799,0.995,0.005,1.0
2025-12-11T04:00:28.142176,0.995,0.005,1.0
2025-12-11T04:00:28.747418,0.995,0.005,1.0
2025-12-11T04:00:29.353809,0.995,0.005,1.0
2025-12-11T04:00:28.369345,0.995,0.005,1.0
2025-12-11T04:00:28.978921,0.995,0.005,1.0
2025-12-11T04:00:29.582115,0.995,0.005,1.0
2025-12-11T04:00:30.183107,0.995,0.005,1.0
2025-12-11T04:00:30.781900,0.995,0.005,1.0
2025-12-11T04:00:31.385531,0.995,0.005,1.0
2025-12-11T04:00:31.988290,0.995,0.005,1.0
2025-12-11T04:00:32.594580,0.995,0.005,1.0
2025-12-11T04:00:33.205552,0.995,0.005,1.0
2025-12-11T04:00:33.805802,0.995,0.005,1.0
2025-12-11T04:00:34.419303,0.995,0.005,1.0
2025-12-11T04:00:35.020252,0.995,0.005,1.0
2025-12-11T04:00:35.625742,0.995,0.005,1.0
2025-12-11T04:00:36.236052,0.995,0.005,1.0
2025-12-11T04:00:36.836718,0.995,0.005,1.0
2025-12-11T04:00:37.447051,0.995,0.005,1.0
2025-12-11T04:00:38.054024,0.995,0.005,1.0
2025-12-11T04:00:38.653749,0.995,0.005,1.0
2025-12-11T04:00:39.340104,0.995,0.005,1.0
2025-12-11T04:00:39.946761,0.995,0.005,1.0
2025-12-11T04:00:40.545599,0.995,0.005,1.0
2025-12-11T04:00:41.153656,0.995,0.005,1.0
2025-12-11T04:00:41.759165,0.995,0.005,1.0
2025-12-11T04:00:42.361709,0.995,0.005,1.0
2025-12-11T04:00:42.991781,0.995,0.005,1.0
2025-12-11T04:00:43.618447,0.995,0.005,1.0
2025-12-11T04:00:44.237540,0.995,0.005,1.0
2025-12-11T04:00:44.846656,0.995,0.005,1.0
2025-12-11T04:00:45.455083,0.995,0.005,1.0
2025-12-11T04:00:46.058649,0.995,0.005,1.0
2025-12-11T04:00:46.677348,0.995,0.005,1.0
2025-12-11T04:00:47.279815,0.995,0.005,1.0
2025-12-11T04:00:47.883973,0.995,0.005,1.0
2025-12-11T04:00:48.510001,0.995,0.005,1.0
2025-12-11T04:00:49.119075,0.995,0.005,1.0
2025-12-11T04:00:49.724964,0.995,0.005,1.0
2025-12-11T04:00:50.329443,0.995,0.005,1.0
2025-12-11T04:00:50.920497,0.995,0.005,1.0
2025-12-11T04:00:51.526539,0.995,0.005,1.0
2025-12-11T04:00:52.136977,0.995,0.005,1.0
2025-12-11T04:00:52.746786,0.995,0.005,1.0
2025-12-11T04:00:53.352343,0.995,0.005,1.0
2025-12-11T04:00:53.965844,0.995,0.005,1.0
2025-12-11T04:00:54.573892,0.995,0.005,1.0
2025-12-11T04:00:55.203365,0.995,0.005,1.0
2025-12-11T04:00:55.808967,0.995,0.005,1.0
2025-12-11T04:00:56.411508,0.995,0.005,1.0
2025-12-11T04:00:57.022265,0.995,0.005,1.0
2025-12-11T04:00:57.640225,0.995,0.005,1.0
2025-12-11T04:00:58.255399,0.995,0.005,1.0
2025-12-11T04:00:58.853735,0.995,0.005,1.0
2025-12-11T04:00:59.463136,0.995,0.005,1.0
2025-12-11T04:01:00.079593,0.995,0.005,1.0
2025-12-11T04:00:59.099478,0.995,0.005,1.0

