timestamp,price_yes,price_no,sum_prices
2025-12-11T06:46:00.690794,0.53,0.47,1.0
2025-12-11T06:46:01.298278,0.53,0.47,1.0
2025-12-11T06:46:01.909894,0.515,0.485,1.0
2025-12-11T06:46:02.528134,0.53,0.47,1.0
2025-12-11T06:46:03.151677,0.515,0.485,1.0
2025-12-11T06:46:03.758560,0.515,0.485,1.0
2025-12-11T06:46:04.365051,0.515,0.485,1.0
2025-12-11T06:46:04.969852,0.515,0.485,1.0
2025-12-11T06:46:05.566323,0.515,0.485,1.0
2025-12-11T06:46:06.169606,0.515,0.485,1.0
2025-12-11T06:46:06.778023,0.515,0.485,1.0
2025-12-11T06:46:07.374090,0.515,0.485,1.0
2025-12-11T06:46:07.981172,0.515,0.485,1.0
2025-12-11T06:46:08.582937,0.515,0.485,1.0
2025-12-11T06:46:09.191725,0.515,0.485,1.0
2025-12-11T06:46:09.790839,0.515,0.485,1.0
2025-12-11T06:46:10.394129,0.515,0.485,1.0
2025-12-11T06:46:11.000511,0.515,0.485,1.0
2025-12-11T06:46:11.600462,0.515,0.485,1.0
2025-12-11T06:46:12.203159,0.515,0.485,1.0
2025-12-11T06:46:12.820010,0.515,0.485,1.0
2025-12-11T06:46:13.422424,0.515,0.485,1.0
2025-12-11T06:46:14.032481,0.515,0.485,1.0
2025-12-11T06:46:14.661580,0.515,0.485,1.0
2025-12-11T06:46:15.262052,0.515,0.485,1.0
2025-12-11T06:46:15.865519,0.515,0.485,1.0
2025-12-11T06:46:16.464217,0.515,0.485,1.0
2025-12-11T06:46:17.078162,0.505,0.495,1.0
2025-12-11T06:46:17.675494,0.495,0.505,1.0
2025-12-11T06:46:18.277969,0.495,0.505,1.0
2025-12-11T06:46:18.883769,0.5,0.495,0.995
2025-12-11T06:46:19.487979,0.505,0.495,1.0
2025-12-11T06:46:20.099643,0.505,0.495,1.0
2025-12-11T06:46:20.699586,0.505,0.495,1.0
2025-12-11T06:46:21.298754,0.505,0.495,1.0
2025-12-11T06:46:21.893759,0.505,0.495,1.0
2025-12-11T06:46:22.497876,0.505,0.495,1.0
2025-12-11T06:46:23.103775,0.505,0.495,1.0
2025-12-11T06:46:23.708571,0.505,0.495,1.0
2025-12-11T06:46:22.743465,0.495,0.505,1.0
2025-12-11T06:46:23.339426,0.495,0.505,1.0
2025-12-11T06:46:23.949109,0.495,0.505,1.0
2025-12-11T06:46:24.541682,0.5,0.5,1.0
2025-12-11T06:46:25.144613,0.495,0.505,1.0
2025-12-11T06:46:25.749974,0.5,0.5,1.0
2025-12-11T06:46:26.358932,0.505,0.495,1.0
2025-12-11T06:46:26.962012,0.495,0.51,1.005
2025-12-11T06:46:27.569389,0.505,0.495,1.0
2025-12-11T06:46:28.172119,0.505,0.495,1.0
2025-12-11T06:46:28.773372,0.505,0.495,1.0
2025-12-11T06:46:29.379056,0.51,0.49,1.0
2025-12-11T06:46:29.979449,0.51,0.49,1.0
2025-12-11T06:46:30.588001,0.51,0.49,1.0
2025-12-11T06:46:31.201666,0.51,0.49,1.0
2025-12-11T06:46:31.806112,0.51,0.49,1.0
2025-12-11T06:46:32.406285,0.51,0.49,1.0
2025-12-11T06:46:33.012398,0.505,0.495,1.0
2025-12-11T06:46:33.608083,0.475,0.54,1.0150000000000001
2025-12-11T06:46:34.212244,0.46,0.54,1.0
2025-12-11T06:46:34.812338,0.455,0.545,1.0
2025-12-11T06:46:35.420992,0.46,0.545,1.0050000000000001
2025-12-11T06:46:36.013700,0.455,0.545,1.0
2025-12-11T06:46:36.615194,0.46,0.54,1.0
2025-12-11T06:46:37.216041,0.465,0.535,1.0
2025-12-11T06:46:37.829064,0.465,0.535,1.0
2025-12-11T06:46:38.433773,0.465,0.535,1.0
2025-12-11T06:46:39.046285,0.455,0.545,1.0
2025-12-11T06:46:39.650933,0.455,0.545,1.0
2025-12-11T06:46:40.260763,0.455,0.545,1.0
2025-12-11T06:46:40.873049,0.455,0.545,1.0
2025-12-11T06:46:41.487610,0.465,0.545,1.01
2025-12-11T06:46:42.095842,0.45,0.55,1.0
2025-12-11T06:46:42.700470,0.465,0.535,1.0
2025-12-11T06:46:43.298343,0.465,0.535,1.0
2025-12-11T06:46:43.906237,0.45,0.55,1.0
2025-12-11T06:46:44.518150,0.45,0.55,1.0
2025-12-11T06:46:45.128897,0.445,0.555,1.0
2025-12-11T06:46:45.735968,0.45,0.55,1.0
2025-12-11T06:46:46.344182,0.45,0.55,1.0
2025-12-11T06:46:46.947098,0.445,0.555,1.0
2025-12-11T06:46:47.548829,0.445,0.555,1.0
2025-12-11T06:46:48.153731,0.45,0.55,1.0
2025-12-11T06:46:48.770380,0.455,0.545,1.0
2025-12-11T06:46:49.385896,0.455,0.55,1.0050000000000001
2025-12-11T06:46:49.998298,0.445,0.555,1.0
2025-12-11T06:46:50.611835,0.445,0.555,1.0
2025-12-11T06:46:51.217999,0.455,0.545,1.0
2025-12-11T06:46:51.823286,0.435,0.565,1.0
2025-12-11T06:46:52.432747,0.435,0.565,1.0
2025-12-11T06:46:53.041783,0.435,0.565,1.0
2025-12-11T06:46:53.650917,0.435,0.565,1.0
2025-12-11T06:46:54.246353,0.435,0.565,1.0
2025-12-11T06:46:53.287671,0.435,0.565,1.0
2025-12-11T06:46:53.914613,0.435,0.565,1.0
2025-12-11T06:46:54.518166,0.425,0.575,1.0
2025-12-11T06:46:55.121623,0.435,0.565,1.0
2025-12-11T06:46:55.712750,0.455,0.545,1.0
2025-12-11T06:46:56.306548,0.455,0.545,1.0
2025-12-11T06:46:56.913320,0.445,0.555,1.0
2025-12-11T06:46:57.512794,0.45,0.55,1.0
2025-12-11T06:46:58.122000,0.445,0.555,1.0
2025-12-11T06:46:58.723221,0.465,0.535,1.0
2025-12-11T06:46:59.316320,0.475,0.525,1.0
2025-12-11T06:47:00.175781,0.485,0.515,1.0
2025-12-11T06:47:00.779646,0.485,0.515,1.0
2025-12-11T06:47:01.381382,0.495,0.505,1.0
2025-12-11T06:47:01.990954,0.505,0.495,1.0
2025-12-11T06:47:02.587344,0.5,0.5,1.0
2025-12-11T06:47:03.205479,0.505,0.495,1.0
2025-12-11T06:47:03.812305,0.505,0.495,1.0
2025-12-11T06:47:04.419895,0.505,0.495,1.0
2025-12-11T06:47:05.020610,0.505,0.495,1.0
2025-12-11T06:47:05.618372,0.505,0.495,1.0
2025-12-11T06:47:06.232869,0.515,0.485,1.0
2025-12-11T06:47:06.829941,0.545,0.45,0.9950000000000001
2025-12-11T06:47:07.435472,0.545,0.455,1.0
2025-12-11T06:47:08.043945,0.55,0.45,1.0
2025-12-11T06:47:08.641699,0.535,0.465,1.0
2025-12-11T06:47:09.250372,0.53,0.475,1.005
2025-12-11T06:47:09.858533,0.515,0.485,1.0
2025-12-11T06:47:10.465889,0.515,0.485,1.0
2025-12-11T06:47:11.071475,0.515,0.485,1.0
2025-12-11T06:47:11.669892,0.515,0.485,1.0
2025-12-11T06:47:12.272292,0.52,0.48,1.0
2025-12-11T06:47:12.883285,0.525,0.475,1.0
2025-12-11T06:47:13.483760,0.525,0.475,1.0
2025-12-11T06:47:14.086674,0.525,0.475,1.0
2025-12-11T06:47:14.690505,0.545,0.455,1.0
2025-12-11T06:47:15.293122,0.55,0.45,1.0
2025-12-11T06:47:15.902719,0.55,0.45,1.0
2025-12-11T06:47:16.502645,0.55,0.45,1.0
2025-12-11T06:47:17.105267,0.545,0.45,0.9950000000000001
2025-12-11T06:47:17.699880,0.555,0.445,1.0
2025-12-11T06:47:18.306336,0.555,0.445,1.0
2025-12-11T06:47:18.920494,0.555,0.445,1.0
2025-12-11T06:47:19.524126,0.555,0.445,1.0
2025-12-11T06:47:20.132723,0.555,0.445,1.0
2025-12-11T06:47:20.729115,0.555,0.445,1.0
2025-12-11T06:47:21.328904,0.555,0.445,1.0
2025-12-11T06:47:21.942316,0.555,0.445,1.0
2025-12-11T06:47:22.534744,0.555,0.445,1.0
2025-12-11T06:47:23.144412,0.555,0.445,1.0
2025-12-11T06:47:23.748959,0.58,0.425,1.005
2025-12-11T06:47:24.355930,0.57,0.43,1.0
2025-12-11T06:47:24.952437,0.585,0.415,1.0
2025-12-11T06:47:23.989415,0.585,0.42,1.005
2025-12-11T06:47:24.589457,0.58,0.42,1.0
2025-12-11T06:47:25.189044,0.58,0.42,1.0
2025-12-11T06:47:25.789405,0.58,0.42,1.0
2025-12-11T06:47:26.392401,0.58,0.42,1.0
2025-12-11T06:47:26.997025,0.59,0.41,1.0
2025-12-11T06:47:27.601414,0.595,0.405,1.0
2025-12-11T06:47:28.203185,0.595,0.405,1.0
2025-12-11T06:47:28.810475,0.595,0.405,1.0
2025-12-11T06:47:29.421066,0.595,0.405,1.0
2025-12-11T06:47:30.025365,0.595,0.405,1.0
2025-12-11T06:47:30.628692,0.595,0.405,1.0
2025-12-11T06:47:31.225316,0.595,0.405,1.0
2025-12-11T06:47:31.820676,0.585,0.415,1.0
2025-12-11T06:47:32.420652,0.59,0.41,1.0
2025-12-11T06:47:33.017628,0.595,0.405,1.0
2025-12-11T06:47:33.641890,0.595,0.405,1.0
2025-12-11T06:47:34.231499,0.59,0.41,1.0
2025-12-11T06:47:34.838934,0.59,0.415,1.005
2025-12-11T06:47:35.438448,0.585,0.415,1.0
2025-12-11T06:47:36.038538,0.585,0.415,1.0
2025-12-11T06:47:36.643881,0.585,0.415,1.0
2025-12-11T06:47:37.237312,0.585,0.415,1.0
2025-12-11T06:47:37.838704,0.585,0.415,1.0
2025-12-11T06:47:38.434103,0.585,0.415,1.0
2025-12-11T06:47:39.039163,0.58,0.42,1.0
2025-12-11T06:47:39.687171,0.58,0.42,1.0
2025-12-11T06:47:40.281301,0.585,0.415,1.0
2025-12-11T06:47:40.896685,0.585,0.415,1.0
2025-12-11T06:47:41.499103,0.585,0.415,1.0
2025-12-11T06:47:42.100510,0.585,0.415,1.0
2025-12-11T06:47:42.697315,0.585,0.415,1.0
2025-12-11T06:47:43.297099,0.585,0.415,1.0
2025-12-11T06:47:43.898351,0.595,0.405,1.0
2025-12-11T06:47:44.500436,0.595,0.405,1.0
2025-12-11T06:47:45.108681,0.595,0.405,1.0
2025-12-11T06:47:45.714694,0.595,0.405,1.0
2025-12-11T06:47:46.312442,0.605,0.395,1.0
2025-12-11T06:47:46.916879,0.605,0.395,1.0
2025-12-11T06:47:47.520952,0.605,0.395,1.0
2025-12-11T06:47:48.125527,0.605,0.395,1.0
2025-12-11T06:47:48.717563,0.605,0.395,1.0
2025-12-11T06:47:49.314701,0.605,0.395,1.0
2025-12-11T06:47:49.917582,0.605,0.395,1.0
2025-12-11T06:47:50.516030,0.605,0.395,1.0
2025-12-11T06:47:51.124381,0.605,0.395,1.0
2025-12-11T06:47:51.719801,0.605,0.395,1.0
2025-12-11T06:47:52.325019,0.605,0.395,1.0
2025-12-11T06:47:52.927865,0.615,0.385,1.0
2025-12-11T06:47:53.522284,0.615,0.385,1.0
2025-12-11T06:47:54.120989,0.615,0.385,1.0
2025-12-11T06:47:54.723617,0.625,0.375,1.0
2025-12-11T06:47:55.326261,0.615,0.385,1.0
2025-12-11T06:47:54.359610,0.615,0.385,1.0
2025-12-11T06:47:54.954228,0.62,0.38,1.0
2025-12-11T06:47:55.548968,0.615,0.385,1.0
2025-12-11T06:47:56.152135,0.615,0.385,1.0
2025-12-11T06:47:56.753204,0.615,0.385,1.0
2025-12-11T06:47:57.353150,0.615,0.385,1.0
2025-12-11T06:47:57.951484,0.615,0.385,1.0
2025-12-11T06:47:58.552599,0.615,0.385,1.0
2025-12-11T06:47:59.154139,0.615,0.385,1.0
2025-12-11T06:47:59.747618,0.615,0.385,1.0
2025-12-11T06:48:00.345725,0.62,0.38,1.0
2025-12-11T06:48:00.934994,0.62,0.38,1.0
2025-12-11T06:48:01.539111,0.62,0.38,1.0
2025-12-11T06:48:02.142535,0.62,0.38,1.0
2025-12-11T06:48:02.744107,0.62,0.38,1.0
2025-12-11T06:48:03.342709,0.62,0.38,1.0
2025-12-11T06:48:03.942949,0.625,0.375,1.0
2025-12-11T06:48:04.537835,0.64,0.355,0.995
2025-12-11T06:48:05.152126,0.645,0.355,1.0
2025-12-11T06:48:05.755019,0.665,0.335,1.0
2025-12-11T06:48:06.361351,0.665,0.335,1.0
2025-12-11T06:48:06.973997,0.675,0.325,1.0
2025-12-11T06:48:07.579134,0.685,0.315,1.0
2025-12-11T06:48:08.177636,0.705,0.295,1.0
2025-12-11T06:48:08.782728,0.705,0.29,0.9949999999999999
2025-12-11T06:48:09.388451,0.705,0.295,1.0
2025-12-11T06:48:09.996043,0.705,0.295,1.0
2025-12-11T06:48:10.595631,0.705,0.295,1.0
2025-12-11T06:48:11.199904,0.715,0.285,1.0
2025-12-11T06:48:11.799049,0.715,0.285,1.0
2025-12-11T06:48:12.415098,0.705,0.29,0.9949999999999999
2025-12-11T06:48:13.020383,0.71,0.295,1.005
2025-12-11T06:48:13.624233,0.705,0.295,1.0
2025-12-11T06:48:14.223195,0.695,0.305,1.0
2025-12-11T06:48:14.825513,0.705,0.295,1.0
2025-12-11T06:48:15.420227,0.705,0.295,1.0
2025-12-11T06:48:16.023788,0.71,0.29,1.0
2025-12-11T06:48:16.631181,0.705,0.295,1.0
2025-12-11T06:48:17.239708,0.705,0.295,1.0
2025-12-11T06:48:17.848916,0.705,0.295,1.0
2025-12-11T06:48:18.456636,0.705,0.295,1.0
2025-12-11T06:48:19.059606,0.705,0.295,1.0
2025-12-11T06:48:19.658149,0.705,0.295,1.0
2025-12-11T06:48:20.259572,0.695,0.305,1.0
2025-12-11T06:48:20.863715,0.695,0.305,1.0
2025-12-11T06:48:21.470594,0.695,0.305,1.0
2025-12-11T06:48:22.078533,0.715,0.285,1.0
2025-12-11T06:48:22.677790,0.71,0.29,1.0
2025-12-11T06:48:23.282573,0.71,0.29,1.0
2025-12-11T06:48:23.883153,0.71,0.29,1.0
2025-12-11T06:48:24.486183,0.705,0.295,1.0
2025-12-11T06:48:25.085428,0.71,0.29,1.0
2025-12-11T06:48:25.694883,0.7,0.3,1.0
2025-12-11T06:48:26.304486,0.7,0.305,1.005
2025-12-11T06:48:25.359857,0.67,0.34,1.01
2025-12-11T06:48:25.961722,0.645,0.355,1.0
2025-12-11T06:48:26.571902,0.645,0.355,1.0
2025-12-11T06:48:27.171762,0.65,0.35,1.0
2025-12-11T06:48:27.777445,0.675,0.325,1.0
2025-12-11T06:48:28.370788,0.695,0.31,1.005
2025-12-11T06:48:28.976320,0.705,0.295,1.0
2025-12-11T06:48:29.583097,0.7,0.3,1.0
2025-12-11T06:48:30.199751,0.685,0.315,1.0
2025-12-11T06:48:30.820848,0.685,0.315,1.0
2025-12-11T06:48:31.424312,0.685,0.31,0.9950000000000001
2025-12-11T06:48:32.035888,0.695,0.305,1.0
2025-12-11T06:48:32.646325,0.68,0.32,1.0
2025-12-11T06:48:33.246421,0.68,0.32,1.0
2025-12-11T06:48:33.860661,0.68,0.32,1.0
2025-12-11T06:48:34.462816,0.68,0.32,1.0
2025-12-11T06:48:35.068895,0.685,0.315,1.0
2025-12-11T06:48:35.666009,0.685,0.315,1.0
2025-12-11T06:48:36.265044,0.655,0.345,1.0
2025-12-11T06:48:36.873359,0.655,0.345,1.0
2025-12-11T06:48:37.479801,0.655,0.345,1.0
2025-12-11T06:48:38.087611,0.655,0.345,1.0
2025-12-11T06:48:38.702772,0.655,0.345,1.0
2025-12-11T06:48:39.313352,0.655,0.345,1.0
2025-12-11T06:48:39.912633,0.665,0.335,1.0
2025-12-11T06:48:40.528080,0.655,0.345,1.0
2025-12-11T06:48:41.136330,0.665,0.335,1.0
2025-12-11T06:48:41.747454,0.67,0.33,1.0
2025-12-11T06:48:42.387632,0.67,0.33,1.0
2025-12-11T06:48:42.984356,0.67,0.33,1.0
2025-12-11T06:48:43.591952,0.67,0.33,1.0
2025-12-11T06:48:44.196884,0.67,0.33,1.0
2025-12-11T06:48:44.808805,0.67,0.33,1.0
2025-12-11T06:48:45.414503,0.67,0.33,1.0
2025-12-11T06:48:46.022104,0.67,0.33,1.0
2025-12-11T06:48:46.616624,0.67,0.325,0.9950000000000001
2025-12-11T06:48:47.229269,0.685,0.315,1.0
2025-12-11T06:48:47.837473,0.705,0.3,1.005
2025-12-11T06:48:48.447196,0.705,0.295,1.0
2025-12-11T06:48:49.037446,0.705,0.295,1.0
2025-12-11T06:48:49.638482,0.705,0.295,1.0
2025-12-11T06:48:50.240858,0.705,0.295,1.0
2025-12-11T06:48:50.844416,0.715,0.285,1.0
2025-12-11T06:48:51.453222,0.715,0.285,1.0
2025-12-11T06:48:52.065855,0.715,0.285,1.0
2025-12-11T06:48:52.677740,0.715,0.285,1.0
2025-12-11T06:48:53.284098,0.715,0.285,1.0
2025-12-11T06:48:53.892896,0.715,0.285,1.0
2025-12-11T06:48:54.495732,0.715,0.285,1.0
2025-12-11T06:48:55.102784,0.715,0.285,1.0
2025-12-11T06:48:55.722709,0.715,0.285,1.0
2025-12-11T06:48:56.318870,0.725,0.275,1.0
2025-12-11T06:48:56.927959,0.725,0.275,1.0
2025-12-11T06:48:55.971256,0.725,0.275,1.0
2025-12-11T06:48:56.583286,0.725,0.275,1.0
2025-12-11T06:48:57.187833,0.725,0.275,1.0
2025-12-11T06:48:57.785229,0.725,0.275,1.0
2025-12-11T06:48:58.382555,0.725,0.275,1.0
2025-12-11T06:48:58.981197,0.725,0.275,1.0
2025-12-11T06:48:59.601476,0.735,0.265,1.0
2025-12-11T06:49:00.206180,0.735,0.265,1.0
2025-12-11T06:49:00.804302,0.735,0.265,1.0
2025-12-11T06:49:01.416264,0.735,0.265,1.0
2025-12-11T06:49:02.016632,0.735,0.265,1.0
2025-12-11T06:49:02.621803,0.735,0.265,1.0
2025-12-11T06:49:03.228703,0.735,0.265,1.0
2025-12-11T06:49:03.833416,0.735,0.265,1.0
2025-12-11T06:49:04.444007,0.735,0.265,1.0
2025-12-11T06:49:05.042673,0.725,0.275,1.0
2025-12-11T06:49:05.648201,0.715,0.285,1.0
2025-12-11T06:49:06.243399,0.68,0.32,1.0
2025-12-11T06:49:06.857760,0.665,0.335,1.0
2025-12-11T06:49:07.458363,0.665,0.335,1.0
2025-12-11T06:49:08.056356,0.675,0.32,0.9950000000000001
2025-12-11T06:49:08.650213,0.685,0.315,1.0
2025-12-11T06:49:09.276205,0.675,0.325,1.0
2025-12-11T06:49:09.873268,0.685,0.32,1.0050000000000001
2025-12-11T06:49:10.474120,0.685,0.315,1.0
2025-12-11T06:49:11.072848,0.67,0.33,1.0
2025-12-11T06:49:11.679576,0.675,0.325,1.0
2025-12-11T06:49:12.280665,0.675,0.325,1.0
2025-12-11T06:49:12.890241,0.675,0.325,1.0
2025-12-11T06:49:13.490561,0.68,0.32,1.0
2025-12-11T06:49:14.082997,0.675,0.325,1.0
2025-12-11T06:49:14.684750,0.675,0.325,1.0
2025-12-11T06:49:15.288950,0.675,0.325,1.0
2025-12-11T06:49:15.892698,0.675,0.325,1.0
2025-12-11T06:49:16.495681,0.68,0.32,1.0
2025-12-11T06:49:17.093347,0.685,0.315,1.0
2025-12-11T06:49:17.708749,0.68,0.32,1.0
2025-12-11T06:49:18.324546,0.675,0.325,1.0
2025-12-11T06:49:18.920665,0.68,0.32,1.0
2025-12-11T06:49:19.516682,0.68,0.32,1.0
2025-12-11T06:49:20.113583,0.68,0.32,1.0
2025-12-11T06:49:20.717755,0.68,0.32,1.0
2025-12-11T06:49:21.321382,0.675,0.325,1.0
2025-12-11T06:49:21.921066,0.68,0.32,1.0
2025-12-11T06:49:22.533501,0.685,0.315,1.0
2025-12-11T06:49:23.134117,0.685,0.315,1.0
2025-12-11T06:49:23.725163,0.685,0.315,1.0
2025-12-11T06:49:24.330814,0.685,0.315,1.0
2025-12-11T06:49:24.924722,0.685,0.315,1.0
2025-12-11T06:49:25.532378,0.695,0.305,1.0
2025-12-11T06:49:26.131319,0.7,0.3,1.0
2025-12-11T06:49:26.730624,0.705,0.295,1.0
2025-12-11T06:49:27.341064,0.725,0.275,1.0
2025-12-11T06:49:26.370820,0.725,0.275,1.0
2025-12-11T06:49:26.982829,0.72,0.285,1.005
2025-12-11T06:49:27.582342,0.735,0.265,1.0
2025-12-11T06:49:28.185483,0.73,0.275,1.005
2025-12-11T06:49:28.779297,0.725,0.275,1.0
2025-12-11T06:49:29.381969,0.725,0.275,1.0
2025-12-11T06:49:29.977879,0.715,0.285,1.0
2025-12-11T06:49:30.573242,0.715,0.285,1.0
2025-12-11T06:49:31.168483,0.715,0.285,1.0
2025-12-11T06:49:31.762792,0.715,0.285,1.0
2025-12-11T06:49:32.379633,0.715,0.285,1.0
2025-12-11T06:49:32.976713,0.715,0.285,1.0
2025-12-11T06:49:33.572179,0.715,0.285,1.0
2025-12-11T06:49:34.173292,0.71,0.29,1.0
2025-12-11T06:49:34.768406,0.715,0.285,1.0
2025-12-11T06:49:35.374313,0.71,0.295,1.005
2025-12-11T06:49:35.984700,0.71,0.29,1.0
2025-12-11T06:49:36.599415,0.715,0.285,1.0
2025-12-11T06:49:37.209970,0.715,0.295,1.01
2025-12-11T06:49:37.825130,0.71,0.29,1.0
2025-12-11T06:49:38.440645,0.71,0.29,1.0
2025-12-11T06:49:39.041916,0.71,0.29,1.0
2025-12-11T06:49:39.648324,0.715,0.285,1.0
2025-12-11T06:49:40.253517,0.715,0.285,1.0
2025-12-11T06:49:40.860571,0.715,0.285,1.0
2025-12-11T06:49:41.475630,0.715,0.285,1.0
2025-12-11T06:49:42.091450,0.715,0.285,1.0
2025-12-11T06:49:42.692494,0.715,0.285,1.0
2025-12-11T06:49:43.293488,0.715,0.285,1.0
2025-12-11T06:49:43.956388,0.685,0.315,1.0
2025-12-11T06:49:44.555899,0.685,0.32,1.0050000000000001
2025-12-11T06:49:45.171720,0.685,0.31,0.9950000000000001
2025-12-11T06:49:45.782511,0.695,0.305,1.0
2025-12-11T06:49:46.385230,0.685,0.315,1.0
2025-12-11T06:49:46.981122,0.685,0.315,1.0
2025-12-11T06:49:47.575067,0.685,0.315,1.0
2025-12-11T06:49:48.180376,0.685,0.315,1.0
2025-12-11T06:49:48.785382,0.685,0.315,1.0
2025-12-11T06:49:49.389683,0.685,0.315,1.0
2025-12-11T06:49:49.991973,0.685,0.315,1.0
2025-12-11T06:49:50.588201,0.685,0.315,1.0
2025-12-11T06:49:51.191760,0.685,0.315,1.0
2025-12-11T06:49:51.785190,0.685,0.315,1.0
2025-12-11T06:49:52.382471,0.685,0.315,1.0
2025-12-11T06:49:52.978208,0.685,0.315,1.0
2025-12-11T06:49:53.573292,0.685,0.315,1.0
2025-12-11T06:49:54.170928,0.685,0.315,1.0
2025-12-11T06:49:54.777054,0.685,0.315,1.0
2025-12-11T06:49:55.375129,0.685,0.315,1.0
2025-12-11T06:49:55.979022,0.685,0.315,1.0
2025-12-11T06:49:56.576051,0.685,0.315,1.0
2025-12-11T06:49:57.180545,0.695,0.305,1.0
2025-12-11T06:49:57.794830,0.705,0.295,1.0
2025-12-11T06:49:58.393752,0.715,0.285,1.0
2025-12-11T06:49:57.409045,0.715,0.285,1.0
2025-12-11T06:49:58.015538,0.715,0.285,1.0
2025-12-11T06:49:58.610074,0.72,0.28,1.0
2025-12-11T06:49:59.213290,0.72,0.28,1.0
2025-12-11T06:49:59.821634,0.72,0.28,1.0
2025-12-11T06:50:00.420184,0.72,0.28,1.0
2025-12-11T06:50:01.035089,0.715,0.285,1.0
2025-12-11T06:50:01.633402,0.715,0.285,1.0
2025-12-11T06:50:02.228569,0.715,0.285,1.0
2025-12-11T06:50:02.828307,0.71,0.29,1.0
2025-12-11T06:50:03.426159,0.72,0.28,1.0
2025-12-11T06:50:04.034602,0.725,0.275,1.0
2025-12-11T06:50:04.630060,0.725,0.275,1.0
2025-12-11T06:50:05.234731,0.735,0.265,1.0
2025-12-11T06:50:05.841545,0.745,0.255,1.0
2025-12-11T06:50:06.442465,0.745,0.255,1.0
2025-12-11T06:50:07.054833,0.745,0.255,1.0
2025-12-11T06:50:07.652846,0.745,0.255,1.0
2025-12-11T06:50:08.255160,0.745,0.255,1.0
2025-12-11T06:50:08.848132,0.755,0.245,1.0
2025-12-11T06:50:09.449828,0.765,0.235,1.0
2025-12-11T06:50:10.054552,0.765,0.24,1.005
2025-12-11T06:50:10.668090,0.755,0.245,1.0
2025-12-11T06:50:11.278674,0.755,0.245,1.0
2025-12-11T06:50:11.886643,0.755,0.25,1.005
2025-12-11T06:50:12.485168,0.755,0.245,1.0
2025-12-11T06:50:13.081151,0.755,0.245,1.0
2025-12-11T06:50:13.686742,0.765,0.235,1.0
2025-12-11T06:50:14.342471,0.775,0.23,1.0050000000000001
2025-12-11T06:50:14.955486,0.765,0.23,0.995
2025-12-11T06:50:15.552409,0.77,0.23,1.0
2025-12-11T06:50:16.144441,0.77,0.23,1.0
2025-12-11T06:50:16.742056,0.77,0.23,1.0
2025-12-11T06:50:17.344368,0.77,0.23,1.0
2025-12-11T06:50:17.946005,0.77,0.23,1.0
2025-12-11T06:50:18.544878,0.775,0.225,1.0
2025-12-11T06:50:19.139072,0.775,0.23,1.0050000000000001
2025-12-11T06:50:19.743418,0.79,0.21,1.0
2025-12-11T06:50:20.348760,0.795,0.205,1.0
2025-12-11T06:50:20.956836,0.795,0.205,1.0
2025-12-11T06:50:21.562152,0.795,0.205,1.0
2025-12-11T06:50:22.162861,0.81,0.19,1.0
2025-12-11T06:50:22.765496,0.805,0.195,1.0
2025-12-11T06:50:23.363719,0.805,0.195,1.0
2025-12-11T06:50:23.962657,0.805,0.195,1.0
2025-12-11T06:50:24.560989,0.805,0.195,1.0
2025-12-11T06:50:25.164613,0.8,0.2,1.0
2025-12-11T06:50:25.770371,0.805,0.195,1.0
2025-12-11T06:50:26.373849,0.805,0.195,1.0
2025-12-11T06:50:26.986761,0.805,0.195,1.0
2025-12-11T06:50:27.580859,0.805,0.195,1.0
2025-12-11T06:50:28.183460,0.805,0.195,1.0
2025-12-11T06:50:28.785147,0.815,0.185,1.0
2025-12-11T06:50:27.838622,0.83,0.17,1.0
2025-12-11T06:50:28.447511,0.835,0.165,1.0
2025-12-11T06:50:29.052901,0.83,0.165,0.995
2025-12-11T06:50:29.649987,0.835,0.165,1.0
2025-12-11T06:50:30.251259,0.845,0.155,1.0
2025-12-11T06:50:30.854101,0.845,0.155,1.0
2025-12-11T06:50:31.455999,0.845,0.155,1.0
2025-12-11T06:50:32.070177,0.845,0.155,1.0
2025-12-11T06:50:32.679870,0.845,0.155,1.0
2025-12-11T06:50:33.287245,0.845,0.155,1.0
2025-12-11T06:50:33.896820,0.845,0.16,1.005
2025-12-11T06:50:34.493384,0.84,0.165,1.005
2025-12-11T06:50:35.087067,0.81,0.19,1.0
2025-12-11T06:50:35.691845,0.795,0.205,1.0
2025-12-11T06:50:36.286661,0.79,0.21,1.0
2025-12-11T06:50:36.889846,0.785,0.215,1.0
2025-12-11T06:50:37.491144,0.785,0.215,1.0
2025-12-11T06:50:38.086876,0.785,0.215,1.0
2025-12-11T06:50:38.702847,0.805,0.195,1.0
2025-12-11T06:50:39.315383,0.805,0.195,1.0
2025-12-11T06:50:39.928813,0.805,0.195,1.0
2025-12-11T06:50:40.527154,0.8,0.2,1.0
2025-12-11T06:50:41.122907,0.8,0.2,1.0
2025-12-11T06:50:41.731039,0.8,0.2,1.0
2025-12-11T06:50:42.342370,0.8,0.2,1.0
2025-12-11T06:50:42.960670,0.805,0.2,1.0050000000000001
2025-12-11T06:50:43.554074,0.805,0.195,1.0
2025-12-11T06:50:44.168481,0.805,0.195,1.0
2025-12-11T06:50:44.769490,0.805,0.195,1.0
2025-12-11T06:50:45.371274,0.805,0.195,1.0
2025-12-11T06:50:45.983610,0.805,0.195,1.0
2025-12-11T06:50:46.601807,0.81,0.19,1.0
2025-12-11T06:50:47.213552,0.805,0.195,1.0
2025-12-11T06:50:47.831353,0.795,0.205,1.0
2025-12-11T06:50:48.446867,0.795,0.205,1.0
2025-12-11T06:50:49.056383,0.785,0.23,1.0150000000000001
2025-12-11T06:50:49.656248,0.76,0.24,1.0
2025-12-11T06:50:50.251638,0.755,0.245,1.0
2025-12-11T06:50:50.859761,0.765,0.235,1.0
2025-12-11T06:50:51.466175,0.765,0.24,1.005
2025-12-11T06:50:52.079477,0.765,0.235,1.0
2025-12-11T06:50:52.692833,0.765,0.235,1.0
2025-12-11T06:50:53.308159,0.765,0.235,1.0
2025-12-11T06:50:53.909945,0.755,0.24,0.995
2025-12-11T06:50:54.527042,0.76,0.24,1.0
2025-12-11T06:50:55.129379,0.76,0.235,0.995
2025-12-11T06:50:55.741670,0.755,0.245,1.0
2025-12-11T06:50:56.354324,0.765,0.235,1.0
2025-12-11T06:50:56.967535,0.77,0.23,1.0
2025-12-11T06:50:57.578615,0.755,0.245,1.0
2025-12-11T06:50:58.174766,0.765,0.235,1.0
2025-12-11T06:50:58.773109,0.785,0.215,1.0
2025-12-11T06:50:59.367929,0.785,0.215,1.0
2025-12-11T06:50:59.967545,0.785,0.215,1.0
2025-12-11T06:50:59.022094,0.795,0.205,1.0
2025-12-11T06:50:59.631936,0.795,0.205,1.0
2025-12-11T06:51:00.232479,0.795,0.205,1.0
2025-12-11T06:51:00.844187,0.795,0.205,1.0
2025-12-11T06:51:01.450332,0.795,0.205,1.0
2025-12-11T06:51:02.052997,0.795,0.205,1.0
2025-12-11T06:51:02.660782,0.795,0.205,1.0
2025-12-11T06:51:03.260131,0.795,0.205,1.0
2025-12-11T06:51:03.852837,0.795,0.205,1.0
2025-12-11T06:51:04.470976,0.795,0.205,1.0
2025-12-11T06:51:05.066969,0.795,0.2,0.9950000000000001
2025-12-11T06:51:05.668558,0.795,0.205,1.0
2025-12-11T06:51:06.260585,0.8,0.2,1.0
2025-12-11T06:51:06.862250,0.8,0.2,1.0
2025-12-11T06:51:07.464302,0.805,0.195,1.0
2025-12-11T06:51:08.059161,0.805,0.195,1.0
2025-12-11T06:51:08.667164,0.805,0.195,1.0
2025-12-11T06:51:09.270951,0.805,0.195,1.0
2025-12-11T06:51:09.882140,0.805,0.195,1.0
2025-12-11T06:51:10.486710,0.805,0.195,1.0
2025-12-11T06:51:11.096521,0.805,0.195,1.0
2025-12-11T06:51:11.709176,0.805,0.195,1.0
2025-12-11T06:51:12.314505,0.81,0.19,1.0
2025-12-11T06:51:12.931360,0.815,0.185,1.0
2025-12-11T06:51:13.534159,0.815,0.185,1.0
2025-12-11T06:51:14.137716,0.815,0.185,1.0
2025-12-11T06:51:14.750014,0.815,0.185,1.0
2025-12-11T06:51:15.353376,0.815,0.185,1.0
2025-12-11T06:51:15.950964,0.815,0.185,1.0
2025-12-11T06:51:16.556472,0.815,0.185,1.0
2025-12-11T06:51:17.164089,0.815,0.185,1.0
2025-12-11T06:51:17.773401,0.815,0.185,1.0
2025-12-11T06:51:18.380375,0.815,0.185,1.0
2025-12-11T06:51:18.988019,0.815,0.185,1.0
2025-12-11T06:51:19.594399,0.815,0.185,1.0
2025-12-11T06:51:20.199710,0.815,0.185,1.0
2025-12-11T06:51:20.795428,0.815,0.185,1.0
2025-12-11T06:51:21.390128,0.815,0.185,1.0
2025-12-11T06:51:21.988490,0.825,0.175,1.0
2025-12-11T06:51:22.585646,0.825,0.175,1.0
2025-12-11T06:51:23.180534,0.825,0.175,1.0
2025-12-11T06:51:23.777858,0.825,0.175,1.0
2025-12-11T06:51:24.373332,0.825,0.175,1.0
2025-12-11T06:51:24.970410,0.825,0.175,1.0
2025-12-11T06:51:25.579271,0.825,0.175,1.0
2025-12-11T06:51:26.180385,0.825,0.175,1.0
2025-12-11T06:51:26.811692,0.825,0.175,1.0
2025-12-11T06:51:27.417961,0.825,0.175,1.0
2025-12-11T06:51:28.028644,0.815,0.185,1.0
2025-12-11T06:51:28.634035,0.815,0.185,1.0
2025-12-11T06:51:29.232416,0.815,0.185,1.0
2025-12-11T06:51:29.829452,0.815,0.185,1.0
2025-12-11T06:51:30.435664,0.815,0.185,1.0
2025-12-11T06:51:29.476948,0.815,0.185,1.0
2025-12-11T06:51:30.086976,0.815,0.185,1.0
2025-12-11T06:51:30.698008,0.815,0.185,1.0
2025-12-11T06:51:31.300479,0.815,0.185,1.0
2025-12-11T06:51:31.907319,0.82,0.185,1.005
2025-12-11T06:51:32.508798,0.805,0.195,1.0
2025-12-11T06:51:33.121559,0.805,0.195,1.0
2025-12-11T06:51:33.728407,0.805,0.195,1.0
2025-12-11T06:51:34.324845,0.805,0.195,1.0
2025-12-11T06:51:34.934004,0.805,0.195,1.0
2025-12-11T06:51:35.539453,0.805,0.195,1.0
2025-12-11T06:51:36.156100,0.795,0.22,1.0150000000000001
2025-12-11T06:51:36.776965,0.78,0.22,1.0
2025-12-11T06:51:37.391166,0.765,0.235,1.0
2025-12-11T06:51:37.992198,0.775,0.225,1.0
2025-12-11T06:51:38.600980,0.775,0.225,1.0
2025-12-11T06:51:39.199366,0.775,0.225,1.0
2025-12-11T06:51:39.794583,0.775,0.225,1.0
2025-12-11T06:51:40.402244,0.77,0.23,1.0
2025-12-11T06:51:41.020395,0.765,0.235,1.0
2025-12-11T06:51:41.631429,0.765,0.235,1.0
2025-12-11T06:51:42.241791,0.765,0.235,1.0
2025-12-11T06:51:43.115640,0.755,0.245,1.0
2025-12-11T06:51:43.729319,0.755,0.245,1.0
2025-12-11T06:51:44.329638,0.745,0.255,1.0
2025-12-11T06:51:44.939002,0.735,0.265,1.0
2025-12-11T06:51:45.545559,0.735,0.265,1.0
2025-12-11T06:51:46.154744,0.735,0.265,1.0
2025-12-11T06:51:46.824388,0.745,0.255,1.0
2025-12-11T06:51:47.442391,0.745,0.255,1.0
2025-12-11T06:51:48.039964,0.745,0.255,1.0
2025-12-11T06:51:48.642626,0.745,0.255,1.0
2025-12-11T06:51:49.264750,0.745,0.255,1.0
2025-12-11T06:51:49.879911,0.745,0.255,1.0
2025-12-11T06:51:50.486249,0.745,0.255,1.0
2025-12-11T06:51:51.102124,0.745,0.255,1.0
2025-12-11T06:51:51.709098,0.74,0.26,1.0
2025-12-11T06:51:52.305515,0.74,0.26,1.0
2025-12-11T06:51:52.903958,0.745,0.255,1.0
2025-12-11T06:51:53.512704,0.755,0.245,1.0
2025-12-11T06:51:54.135017,0.755,0.245,1.0
2025-12-11T06:51:54.758557,0.755,0.245,1.0
2025-12-11T06:51:55.370784,0.755,0.245,1.0
2025-12-11T06:51:55.981231,0.735,0.265,1.0
2025-12-11T06:51:56.590247,0.735,0.265,1.0
2025-12-11T06:51:57.201341,0.735,0.265,1.0
2025-12-11T06:51:57.809491,0.735,0.265,1.0
2025-12-11T06:51:58.419199,0.735,0.265,1.0
2025-12-11T06:51:59.028917,0.735,0.265,1.0
2025-12-11T06:51:59.641994,0.745,0.255,1.0
2025-12-11T06:52:00.248416,0.735,0.265,1.0
2025-12-11T06:52:00.854869,0.735,0.265,1.0
2025-12-11T06:51:59.893350,0.735,0.265,1.0
2025-12-11T06:52:00.499443,0.735,0.265,1.0
2025-12-11T06:52:01.109564,0.735,0.265,1.0
2025-12-11T06:52:01.725253,0.735,0.265,1.0
2025-12-11T06:52:02.336196,0.735,0.265,1.0
2025-12-11T06:52:02.932031,0.74,0.26,1.0
2025-12-11T06:52:03.557957,0.735,0.265,1.0
2025-12-11T06:52:04.172644,0.74,0.26,1.0
2025-12-11T06:52:04.820035,0.745,0.255,1.0
2025-12-11T06:52:05.431987,0.745,0.255,1.0
2025-12-11T06:52:06.050658,0.74,0.26,1.0
2025-12-11T06:52:06.665908,0.745,0.255,1.0
2025-12-11T06:52:07.273682,0.755,0.245,1.0
2025-12-11T06:52:07.880045,0.755,0.245,1.0
2025-12-11T06:52:08.492114,0.76,0.24,1.0
2025-12-11T06:52:09.104941,0.775,0.23,1.0050000000000001
2025-12-11T06:52:09.705031,0.77,0.23,1.0
2025-12-11T06:52:10.317510,0.765,0.235,1.0
2025-12-11T06:52:10.925242,0.775,0.225,1.0
2025-12-11T06:52:11.526923,0.775,0.22,0.995
2025-12-11T06:52:12.137278,0.775,0.225,1.0
2025-12-11T06:52:12.732813,0.775,0.225,1.0
2025-12-11T06:52:13.340314,0.785,0.215,1.0
2025-12-11T06:52:13.944433,0.795,0.205,1.0
2025-12-11T06:52:14.549022,0.795,0.205,1.0
2025-12-11T06:52:15.144511,0.795,0.205,1.0
2025-12-11T06:52:15.748678,0.8,0.2,1.0
2025-12-11T06:52:16.352517,0.795,0.205,1.0
2025-12-11T06:52:16.944531,0.8,0.2,1.0
2025-12-11T06:52:17.540773,0.8,0.2,1.0
2025-12-11T06:52:18.144499,0.8,0.2,1.0
2025-12-11T06:52:18.742073,0.8,0.2,1.0
2025-12-11T06:52:19.349669,0.795,0.205,1.0
2025-12-11T06:52:19.947363,0.805,0.195,1.0
2025-12-11T06:52:20.541286,0.805,0.195,1.0
2025-12-11T06:52:21.136177,0.805,0.195,1.0
2025-12-11T06:52:21.730763,0.805,0.195,1.0
2025-12-11T06:52:22.333281,0.805,0.195,1.0
2025-12-11T06:52:22.951425,0.805,0.195,1.0
2025-12-11T06:52:23.547504,0.815,0.185,1.0
2025-12-11T06:52:24.151406,0.81,0.19,1.0
2025-12-11T06:52:24.748532,0.81,0.19,1.0
2025-12-11T06:52:25.347954,0.81,0.19,1.0
2025-12-11T06:52:25.948434,0.81,0.19,1.0
2025-12-11T06:52:26.552809,0.81,0.19,1.0
2025-12-11T06:52:27.162449,0.81,0.19,1.0
2025-12-11T06:52:27.759689,0.81,0.19,1.0
2025-12-11T06:52:28.360618,0.81,0.19,1.0
2025-12-11T06:52:28.965675,0.81,0.19,1.0
2025-12-11T06:52:29.570941,0.81,0.19,1.0
2025-12-11T06:52:30.166263,0.81,0.175,0.9850000000000001
2025-12-11T06:52:30.762144,0.825,0.18,1.005
2025-12-11T06:52:31.386575,0.815,0.185,1.0
2025-12-11T06:52:31.983542,0.825,0.175,1.0
2025-12-11T06:52:31.019029,0.825,0.175,1.0
2025-12-11T06:52:31.626422,0.825,0.175,1.0
2025-12-11T06:52:32.226970,0.825,0.175,1.0
2025-12-11T06:52:32.823090,0.825,0.175,1.0
2025-12-11T06:52:33.415895,0.825,0.175,1.0
2025-12-11T06:52:34.016234,0.825,0.175,1.0
2025-12-11T06:52:34.625377,0.825,0.175,1.0
2025-12-11T06:52:35.232211,0.825,0.175,1.0
2025-12-11T06:52:35.835702,0.825,0.175,1.0
2025-12-11T06:52:36.432594,0.825,0.175,1.0
2025-12-11T06:52:37.025187,0.825,0.175,1.0
2025-12-11T06:52:37.627948,0.825,0.175,1.0
2025-12-11T06:52:38.227865,0.825,0.175,1.0
2025-12-11T06:52:38.830046,0.825,0.175,1.0
2025-12-11T06:52:39.438798,0.825,0.175,1.0
2025-12-11T06:52:40.038687,0.825,0.175,1.0
2025-12-11T06:52:40.643689,0.825,0.165,0.99
2025-12-11T06:52:41.245621,0.83,0.17,1.0
2025-12-11T06:52:41.846014,0.83,0.17,1.0
2025-12-11T06:52:42.457391,0.83,0.17,1.0
2025-12-11T06:52:43.063415,0.83,0.17,1.0
2025-12-11T06:52:43.676974,0.83,0.17,1.0
2025-12-11T06:52:44.295688,0.83,0.17,1.0
2025-12-11T06:52:44.892411,0.845,0.155,1.0
2025-12-11T06:52:45.499673,0.845,0.155,1.0
2025-12-11T06:52:46.108836,0.845,0.155,1.0
2025-12-11T06:52:46.719254,0.855,0.145,1.0
2025-12-11T06:52:47.328607,0.855,0.145,1.0
2025-12-11T06:52:47.928878,0.845,0.155,1.0
2025-12-11T06:52:48.535743,0.86,0.14,1.0
2025-12-11T06:52:49.148326,0.865,0.135,1.0
2025-12-11T06:52:49.755807,0.865,0.135,1.0
2025-12-11T06:52:50.363567,0.865,0.135,1.0
2025-12-11T06:52:50.974971,0.865,0.135,1.0
2025-12-11T06:52:51.582593,0.865,0.135,1.0
2025-12-11T06:52:52.195903,0.865,0.135,1.0
2025-12-11T06:52:52.786731,0.865,0.135,1.0
2025-12-11T06:52:53.382844,0.865,0.135,1.0
2025-12-11T06:52:53.995991,0.865,0.135,1.0
2025-12-11T06:52:54.619625,0.865,0.135,1.0
2025-12-11T06:52:55.227578,0.865,0.135,1.0
2025-12-11T06:52:55.837082,0.865,0.135,1.0
2025-12-11T06:52:56.446232,0.865,0.135,1.0
2025-12-11T06:52:57.052473,0.865,0.135,1.0
2025-12-11T06:52:57.668349,0.865,0.135,1.0
2025-12-11T06:52:58.283101,0.875,0.125,1.0
2025-12-11T06:52:58.949126,0.875,0.125,1.0
2025-12-11T06:52:59.555008,0.875,0.125,1.0
2025-12-11T06:53:00.160427,0.875,0.125,1.0
2025-12-11T06:53:00.769227,0.875,0.125,1.0
2025-12-11T06:53:01.368681,0.875,0.125,1.0
2025-12-11T06:53:01.982355,0.875,0.125,1.0
2025-12-11T06:53:02.608936,0.885,0.115,1.0
2025-12-11T06:53:01.679132,0.89,0.105,0.995
2025-12-11T06:53:02.290318,0.895,0.105,1.0
2025-12-11T06:53:02.885644,0.895,0.105,1.0
2025-12-11T06:53:03.488525,0.895,0.105,1.0
2025-12-11T06:53:04.085904,0.895,0.105,1.0
2025-12-11T06:53:04.687044,0.895,0.105,1.0
2025-12-11T06:53:05.307711,0.9,0.1,1.0
2025-12-11T06:53:05.923551,0.905,0.095,1.0
2025-12-11T06:53:06.522676,0.905,0.095,1.0
2025-12-11T06:53:07.134029,0.905,0.095,1.0
2025-12-11T06:53:07.748331,0.905,0.095,1.0
2025-12-11T06:53:08.372583,0.905,0.095,1.0
2025-12-11T06:53:08.971175,0.905,0.095,1.0
2025-12-11T06:53:09.589114,0.905,0.095,1.0
2025-12-11T06:53:10.193698,0.905,0.095,1.0
2025-12-11T06:53:10.795902,0.905,0.095,1.0
2025-12-11T06:53:11.403972,0.905,0.095,1.0
2025-12-11T06:53:12.004934,0.905,0.095,1.0
2025-12-11T06:53:12.632959,0.905,0.095,1.0
2025-12-11T06:53:13.230595,0.895,0.105,1.0
2025-12-11T06:53:13.828671,0.895,0.105,1.0
2025-12-11T06:53:14.426547,0.895,0.105,1.0
2025-12-11T06:53:15.030500,0.895,0.105,1.0
2025-12-11T06:53:15.633810,0.895,0.105,1.0
2025-12-11T06:53:16.236033,0.905,0.095,1.0
2025-12-11T06:53:16.838765,0.905,0.095,1.0
2025-12-11T06:53:17.438841,0.905,0.095,1.0
2025-12-11T06:53:18.042641,0.905,0.095,1.0
2025-12-11T06:53:18.656246,0.905,0.095,1.0
2025-12-11T06:53:19.257850,0.905,0.095,1.0
2025-12-11T06:53:19.863827,0.905,0.095,1.0
2025-12-11T06:53:20.457023,0.905,0.095,1.0
2025-12-11T06:53:21.061401,0.905,0.095,1.0
2025-12-11T06:53:21.667161,0.915,0.085,1.0
2025-12-11T06:53:22.280469,0.915,0.085,1.0
2025-12-11T06:53:22.892382,0.915,0.085,1.0
2025-12-11T06:53:23.494541,0.915,0.085,1.0
2025-12-11T06:53:24.096617,0.915,0.085,1.0
2025-12-11T06:53:24.700654,0.915,0.085,1.0
2025-12-11T06:53:25.309635,0.915,0.085,1.0
2025-12-11T06:53:25.921409,0.915,0.085,1.0
2025-12-11T06:53:26.536286,0.925,0.075,1.0
2025-12-11T06:53:27.134730,0.925,0.075,1.0
2025-12-11T06:53:27.733328,0.925,0.075,1.0
2025-12-11T06:53:28.338668,0.925,0.075,1.0
2025-12-11T06:53:28.947333,0.925,0.075,1.0
2025-12-11T06:53:29.551641,0.925,0.075,1.0
2025-12-11T06:53:30.161793,0.925,0.075,1.0
2025-12-11T06:53:30.775534,0.925,0.075,1.0
2025-12-11T06:53:31.391305,0.925,0.075,1.0
2025-12-11T06:53:31.999128,0.925,0.075,1.0
2025-12-11T06:53:32.610768,0.925,0.075,1.0
2025-12-11T06:53:33.218414,0.925,0.075,1.0
2025-12-11T06:53:32.256344,0.925,0.075,1.0
2025-12-11T06:53:32.864196,0.925,0.075,1.0
2025-12-11T06:53:33.469226,0.925,0.075,1.0
2025-12-11T06:53:34.089399,0.925,0.075,1.0
2025-12-11T06:53:34.694083,0.935,0.065,1.0
2025-12-11T06:53:35.297244,0.935,0.065,1.0
2025-12-11T06:53:35.901197,0.925,0.075,1.0
2025-12-11T06:53:36.510970,0.925,0.075,1.0
2025-12-11T06:53:37.131049,0.925,0.075,1.0
2025-12-11T06:53:37.739655,0.925,0.075,1.0
2025-12-11T06:53:38.345341,0.935,0.065,1.0
2025-12-11T06:53:38.953454,0.925,0.08,1.0050000000000001
2025-12-11T06:53:39.557375,0.915,0.085,1.0
2025-12-11T06:53:40.161324,0.915,0.085,1.0
2025-12-11T06:53:40.769345,0.935,0.065,1.0
2025-12-11T06:53:41.380618,0.93,0.07,1.0
2025-12-11T06:53:41.992454,0.925,0.075,1.0
2025-12-11T06:53:42.630358,0.915,0.085,1.0
2025-12-11T06:53:43.246076,0.915,0.085,1.0
2025-12-11T06:53:43.859082,0.915,0.085,1.0
2025-12-11T06:53:44.472973,0.915,0.085,1.0
2025-12-11T06:53:45.071447,0.915,0.085,1.0
2025-12-11T06:53:45.669252,0.895,0.11,1.0050000000000001
2025-12-11T06:53:46.271010,0.875,0.125,1.0
2025-12-11T06:53:46.865782,0.895,0.105,1.0
2025-12-11T06:53:47.461570,0.885,0.115,1.0
2025-12-11T06:53:48.061256,0.885,0.115,1.0
2025-12-11T06:53:48.662327,0.885,0.115,1.0
2025-12-11T06:53:49.257171,0.89,0.11,1.0
2025-12-11T06:53:49.860676,0.895,0.105,1.0
2025-12-11T06:53:50.465853,0.895,0.105,1.0
2025-12-11T06:53:51.064048,0.895,0.105,1.0
2025-12-11T06:53:51.671424,0.895,0.105,1.0
2025-12-11T06:53:52.274194,0.9,0.1,1.0
2025-12-11T06:53:52.877351,0.905,0.095,1.0
2025-12-11T06:53:53.481162,0.9,0.1,1.0
2025-12-11T06:53:54.080981,0.9,0.1,1.0
2025-12-11T06:53:54.693841,0.905,0.095,1.0
2025-12-11T06:53:55.289760,0.89,0.11,1.0
2025-12-11T06:53:55.885512,0.89,0.11,1.0
2025-12-11T06:53:56.489487,0.89,0.11,1.0
2025-12-11T06:53:57.083146,0.89,0.11,1.0
2025-12-11T06:53:57.682400,0.89,0.11,1.0
2025-12-11T06:53:58.285335,0.89,0.11,1.0
2025-12-11T06:53:58.880174,0.89,0.11,1.0
2025-12-11T06:53:59.477254,0.89,0.11,1.0
2025-12-11T06:54:00.079393,0.89,0.105,0.995
2025-12-11T06:54:00.706972,0.89,0.11,1.0
2025-12-11T06:54:01.315057,0.895,0.105,1.0
2025-12-11T06:54:01.931407,0.895,0.105,1.0
2025-12-11T06:54:02.538883,0.89,0.115,1.0050000000000001
2025-12-11T06:54:03.149437,0.885,0.115,1.0
2025-12-11T06:54:03.763123,0.885,0.115,1.0
2025-12-11T06:54:02.819899,0.885,0.115,1.0
2025-12-11T06:54:03.439070,0.89,0.11,1.0
2025-12-11T06:54:04.038848,0.885,0.115,1.0
2025-12-11T06:54:04.661825,0.885,0.115,1.0
2025-12-11T06:54:05.263427,0.885,0.115,1.0
2025-12-11T06:54:05.870115,0.885,0.115,1.0
2025-12-11T06:54:06.487521,0.885,0.115,1.0
2025-12-11T06:54:07.098516,0.885,0.115,1.0
2025-12-11T06:54:07.705362,0.895,0.105,1.0
2025-12-11T06:54:08.306598,0.895,0.105,1.0
2025-12-11T06:54:08.919891,0.895,0.105,1.0
2025-12-11T06:54:09.526392,0.89,0.11,1.0
2025-12-11T06:54:10.140389,0.89,0.11,1.0
2025-12-11T06:54:10.761485,0.89,0.11,1.0
2025-12-11T06:54:11.376405,0.89,0.11,1.0
2025-12-11T06:54:11.986349,0.89,0.11,1.0
2025-12-11T06:54:12.596788,0.89,0.11,1.0
2025-12-11T06:54:13.198501,0.89,0.11,1.0
2025-12-11T06:54:13.797443,0.89,0.11,1.0
2025-12-11T06:54:14.390771,0.89,0.11,1.0
2025-12-11T06:54:15.000164,0.895,0.105,1.0
2025-12-11T06:54:15.596299,0.895,0.105,1.0
2025-12-11T06:54:16.210470,0.89,0.105,0.995
2025-12-11T06:54:16.814538,0.895,0.105,1.0
2025-12-11T06:54:17.425266,0.905,0.095,1.0
2025-12-11T06:54:18.042629,0.905,0.095,1.0
2025-12-11T06:54:18.648627,0.905,0.095,1.0
2025-12-11T06:54:19.266207,0.905,0.095,1.0
2025-12-11T06:54:19.869807,0.91,0.085,0.995
2025-12-11T06:54:20.472266,0.905,0.095,1.0
2025-12-11T06:54:21.082896,0.895,0.105,1.0
2025-12-11T06:54:21.685369,0.895,0.105,1.0
2025-12-11T06:54:22.294509,0.895,0.105,1.0
2025-12-11T06:54:22.900847,0.895,0.105,1.0
2025-12-11T06:54:23.514668,0.895,0.105,1.0
2025-12-11T06:54:24.115253,0.895,0.105,1.0
2025-12-11T06:54:24.721050,0.895,0.105,1.0
2025-12-11T06:54:25.333768,0.895,0.105,1.0
2025-12-11T06:54:25.951228,0.895,0.105,1.0
2025-12-11T06:54:26.561207,0.915,0.085,1.0
2025-12-11T06:54:27.183150,0.915,0.085,1.0
2025-12-11T06:54:27.795046,0.915,0.085,1.0
2025-12-11T06:54:28.409339,0.915,0.085,1.0
2025-12-11T06:54:29.006906,0.915,0.085,1.0
2025-12-11T06:54:29.616176,0.925,0.075,1.0
2025-12-11T06:54:30.240527,0.925,0.075,1.0
2025-12-11T06:54:30.853616,0.925,0.075,1.0
2025-12-11T06:54:31.460263,0.925,0.075,1.0
2025-12-11T06:54:32.073472,0.925,0.075,1.0
2025-12-11T06:54:32.669641,0.925,0.075,1.0
2025-12-11T06:54:33.279057,0.925,0.075,1.0
2025-12-11T06:54:33.889399,0.925,0.075,1.0
2025-12-11T06:54:34.499569,0.92,0.085,1.0050000000000001
2025-12-11T06:54:33.534647,0.915,0.085,1.0
2025-12-11T06:54:34.141870,0.915,0.085,1.0
2025-12-11T06:54:34.747232,0.915,0.085,1.0
2025-12-11T06:54:35.360703,0.915,0.085,1.0
2025-12-11T06:54:35.958970,0.92,0.08,1.0
2025-12-11T06:54:36.566362,0.92,0.08,1.0
2025-12-11T06:54:37.185956,0.915,0.095,1.01
2025-12-11T06:54:37.782481,0.89,0.11,1.0
2025-12-11T06:54:38.395315,0.875,0.125,1.0
2025-12-11T06:54:38.997661,0.875,0.125,1.0
2025-12-11T06:54:39.602980,0.87,0.13,1.0
2025-12-11T06:54:40.208263,0.865,0.135,1.0
2025-12-11T06:54:40.812039,0.865,0.135,1.0
2025-12-11T06:54:41.412740,0.865,0.135,1.0
2025-12-11T06:54:42.009219,0.865,0.135,1.0
2025-12-11T06:54:42.618764,0.865,0.135,1.0
2025-12-11T06:54:43.229151,0.865,0.135,1.0
2025-12-11T06:54:43.835132,0.865,0.135,1.0
2025-12-11T06:54:44.444223,0.865,0.135,1.0
2025-12-11T06:54:45.058352,0.865,0.135,1.0
2025-12-11T06:54:45.675608,0.865,0.135,1.0
2025-12-11T06:54:46.287019,0.875,0.125,1.0
2025-12-11T06:54:46.894523,0.875,0.125,1.0
2025-12-11T06:54:47.506210,0.875,0.125,1.0
2025-12-11T06:54:48.111874,0.875,0.125,1.0
2025-12-11T06:54:48.729466,0.875,0.125,1.0
2025-12-11T06:54:49.341201,0.865,0.135,1.0
2025-12-11T06:54:49.947125,0.865,0.135,1.0
2025-12-11T06:54:50.558713,0.865,0.135,1.0
2025-12-11T06:54:51.161318,0.865,0.135,1.0
2025-12-11T06:54:51.783948,0.86,0.14,1.0
2025-12-11T06:54:52.378075,0.855,0.145,1.0
2025-12-11T06:54:52.982153,0.86,0.14,1.0
2025-12-11T06:54:53.589081,0.875,0.125,1.0
2025-12-11T06:54:54.205823,0.925,0.065,0.99
2025-12-11T06:54:54.823929,0.935,0.065,1.0
2025-12-11T06:54:55.437234,0.925,0.075,1.0
2025-12-11T06:54:56.046640,0.935,0.065,1.0
2025-12-11T06:54:56.645066,0.935,0.065,1.0
2025-12-11T06:54:57.253792,0.935,0.065,1.0
2025-12-11T06:54:57.849135,0.935,0.065,1.0
2025-12-11T06:54:58.470641,0.935,0.065,1.0
2025-12-11T06:54:59.073286,0.935,0.065,1.0
2025-12-11T06:54:59.684713,0.935,0.065,1.0
2025-12-11T06:55:00.290666,0.935,0.065,1.0
2025-12-11T06:55:00.905680,0.925,0.075,1.0
2025-12-11T06:55:01.520752,0.925,0.075,1.0
2025-12-11T06:55:02.132592,0.925,0.075,1.0
2025-12-11T06:55:02.727481,0.925,0.075,1.0
2025-12-11T06:55:03.337073,0.93,0.07,1.0
2025-12-11T06:55:03.936203,0.945,0.055,1.0
2025-12-11T06:55:04.579058,0.91,0.085,0.995
2025-12-11T06:55:05.177988,0.92,0.085,1.0050000000000001
2025-12-11T06:55:04.213169,0.925,0.075,1.0
2025-12-11T06:55:04.818733,0.925,0.075,1.0
2025-12-11T06:55:05.413761,0.925,0.075,1.0
2025-12-11T06:55:06.023662,0.925,0.075,1.0
2025-12-11T06:55:06.626514,0.925,0.075,1.0
2025-12-11T06:55:07.246339,0.925,0.075,1.0
2025-12-11T06:55:07.848195,0.93,0.07,1.0
2025-12-11T06:55:08.461720,0.925,0.075,1.0
2025-12-11T06:55:09.060955,0.925,0.065,0.99
2025-12-11T06:55:09.670955,0.93,0.07,1.0
2025-12-11T06:55:10.285235,0.935,0.065,1.0
2025-12-11T06:55:10.894499,0.925,0.075,1.0
2025-12-11T06:55:11.503229,0.925,0.075,1.0
2025-12-11T06:55:12.121129,0.93,0.07,1.0
2025-12-11T06:55:12.735584,0.93,0.07,1.0
2025-12-11T06:55:13.344268,0.93,0.07,1.0
2025-12-11T06:55:13.956686,0.935,0.065,1.0
2025-12-11T06:55:14.572414,0.935,0.065,1.0
2025-12-11T06:55:15.194493,0.945,0.055,1.0
2025-12-11T06:55:15.794600,0.945,0.055,1.0
2025-12-11T06:55:16.400451,0.945,0.055,1.0
2025-12-11T06:55:16.996932,0.945,0.055,1.0
2025-12-11T06:55:17.595646,0.945,0.055,1.0
2025-12-11T06:55:18.205108,0.945,0.055,1.0
2025-12-11T06:55:18.817855,0.94,0.06,1.0
2025-12-11T06:55:19.425071,0.94,0.06,1.0
2025-12-11T06:55:20.027207,0.94,0.06,1.0
2025-12-11T06:55:20.642845,0.945,0.055,1.0
2025-12-11T06:55:21.239689,0.93,0.07,1.0
2025-12-11T06:55:21.874105,0.93,0.07,1.0
2025-12-11T06:55:22.472913,0.915,0.085,1.0
2025-12-11T06:55:23.083967,0.925,0.075,1.0
2025-12-11T06:55:23.692367,0.925,0.075,1.0
2025-12-11T06:55:24.303410,0.93,0.07,1.0
2025-12-11T06:55:24.916354,0.93,0.07,1.0
2025-12-11T06:55:25.527707,0.925,0.075,1.0
2025-12-11T06:55:26.133101,0.925,0.075,1.0
2025-12-11T06:55:26.740836,0.92,0.08,1.0
2025-12-11T06:55:27.339833,0.92,0.08,1.0
2025-12-11T06:55:27.951702,0.92,0.08,1.0
2025-12-11T06:55:28.557501,0.925,0.075,1.0
2025-12-11T06:55:29.157557,0.925,0.075,1.0
2025-12-11T06:55:29.762501,0.925,0.075,1.0
2025-12-11T06:55:30.373071,0.925,0.075,1.0
2025-12-11T06:55:30.983660,0.92,0.08,1.0
2025-12-11T06:55:31.591515,0.93,0.075,1.0050000000000001
2025-12-11T06:55:32.195782,0.925,0.075,1.0
2025-12-11T06:55:32.804885,0.925,0.075,1.0
2025-12-11T06:55:33.419461,0.92,0.08,1.0
2025-12-11T06:55:34.017233,0.92,0.08,1.0
2025-12-11T06:55:34.614445,0.92,0.08,1.0
2025-12-11T06:55:35.225754,0.92,0.08,1.0
2025-12-11T06:55:35.836378,0.92,0.08,1.0
2025-12-11T06:55:34.880951,0.92,0.08,1.0
2025-12-11T06:55:35.480148,0.92,0.08,1.0
2025-12-11T06:55:36.080273,0.925,0.075,1.0
2025-12-11T06:55:36.689223,0.92,0.08,1.0
2025-12-11T06:55:37.287426,0.92,0.08,1.0
2025-12-11T06:55:37.893364,0.925,0.075,1.0
2025-12-11T06:55:38.497472,0.925,0.075,1.0
2025-12-11T06:55:39.110706,0.925,0.075,1.0
2025-12-11T06:55:39.717265,0.925,0.075,1.0
2025-12-11T06:55:40.333774,0.925,0.075,1.0
2025-12-11T06:55:40.934099,0.93,0.07,1.0
2025-12-11T06:55:41.541415,0.925,0.075,1.0
2025-12-11T06:55:42.147065,0.93,0.07,1.0
2025-12-11T06:55:42.767847,0.935,0.065,1.0
2025-12-11T06:55:43.363996,0.93,0.07,1.0
2025-12-11T06:55:43.967363,0.93,0.07,1.0
2025-12-11T06:55:44.570436,0.93,0.07,1.0
2025-12-11T06:55:45.172646,0.93,0.07,1.0
2025-12-11T06:55:45.773436,0.93,0.07,1.0
2025-12-11T06:55:46.386537,0.93,0.07,1.0
2025-12-11T06:55:47.004602,0.93,0.07,1.0
2025-12-11T06:55:47.605636,0.93,0.07,1.0
2025-12-11T06:55:48.212295,0.93,0.07,1.0
2025-12-11T06:55:48.817397,0.93,0.07,1.0
2025-12-11T06:55:49.431445,0.93,0.07,1.0
2025-12-11T06:55:50.043255,0.935,0.065,1.0
2025-12-11T06:55:50.659325,0.935,0.065,1.0
2025-12-11T06:55:51.279718,0.94,0.06,1.0
2025-12-11T06:55:51.902861,0.935,0.065,1.0
2025-12-11T06:55:52.496910,0.935,0.065,1.0
2025-12-11T06:55:53.108466,0.935,0.065,1.0
2025-12-11T06:55:53.706988,0.935,0.065,1.0
2025-12-11T06:55:54.320589,0.94,0.06,1.0
2025-12-11T06:55:54.932448,0.945,0.06,1.005
2025-12-11T06:55:55.536555,0.93,0.07,1.0
2025-12-11T06:55:56.145936,0.93,0.07,1.0
2025-12-11T06:55:56.743716,0.93,0.07,1.0
2025-12-11T06:55:57.353538,0.935,0.065,1.0
2025-12-11T06:55:57.966501,0.94,0.06,1.0
2025-12-11T06:55:58.564123,0.94,0.06,1.0
2025-12-11T06:55:59.181600,0.94,0.06,1.0
2025-12-11T06:55:59.820546,0.935,0.07,1.0050000000000001
2025-12-11T06:56:00.431101,0.915,0.085,1.0
2025-12-11T06:56:01.027893,0.91,0.09,1.0
2025-12-11T06:56:01.630519,0.91,0.09,1.0
2025-12-11T06:56:02.234753,0.915,0.085,1.0
2025-12-11T06:56:02.850827,0.905,0.095,1.0
2025-12-11T06:56:03.467894,0.91,0.09,1.0
2025-12-11T06:56:04.075917,0.91,0.09,1.0
2025-12-11T06:56:04.669692,0.91,0.09,1.0
2025-12-11T06:56:05.273146,0.915,0.085,1.0
2025-12-11T06:56:05.879816,0.92,0.08,1.0
2025-12-11T06:56:06.479526,0.92,0.08,1.0
2025-12-11T06:56:05.532499,0.92,0.08,1.0
2025-12-11T06:56:06.136909,0.92,0.08,1.0
2025-12-11T06:56:06.736977,0.915,0.085,1.0
2025-12-11T06:56:07.339331,0.915,0.085,1.0
2025-12-11T06:56:07.956909,0.915,0.085,1.0
2025-12-11T06:56:08.574716,0.92,0.08,1.0
2025-12-11T06:56:09.187302,0.92,0.08,1.0
2025-12-11T06:56:09.798295,0.92,0.08,1.0
2025-12-11T06:56:10.396795,0.92,0.08,1.0
2025-12-11T06:56:11.001056,0.92,0.08,1.0
2025-12-11T06:56:11.612384,0.925,0.075,1.0
2025-12-11T06:56:12.248725,0.925,0.075,1.0
2025-12-11T06:56:12.865760,0.925,0.075,1.0
2025-12-11T06:56:13.484278,0.92,0.08,1.0
2025-12-11T06:56:14.099664,0.91,0.09,1.0
2025-12-11T06:56:14.714327,0.89,0.11,1.0
2025-12-11T06:56:15.325564,0.875,0.125,1.0
2025-12-11T06:56:15.937662,0.86,0.14,1.0
2025-12-11T06:56:16.546567,0.855,0.145,1.0
2025-12-11T06:56:17.154573,0.865,0.135,1.0
2025-12-11T06:56:17.765830,0.875,0.125,1.0
2025-12-11T06:56:18.364117,0.875,0.125,1.0
2025-12-11T06:56:18.976680,0.89,0.115,1.0050000000000001
2025-12-11T06:56:19.583176,0.885,0.115,1.0
2025-12-11T06:56:20.201647,0.885,0.115,1.0
2025-12-11T06:56:20.810354,0.875,0.125,1.0
2025-12-11T06:56:21.409614,0.875,0.125,1.0
2025-12-11T06:56:22.023090,0.875,0.125,1.0
2025-12-11T06:56:22.632364,0.88,0.12,1.0
2025-12-11T06:56:23.249362,0.88,0.12,1.0
2025-12-11T06:56:23.863356,0.885,0.115,1.0
2025-12-11T06:56:24.460218,0.885,0.115,1.0
2025-12-11T06:56:25.071414,0.885,0.115,1.0
2025-12-11T06:56:25.680430,0.885,0.115,1.0
2025-12-11T06:56:26.275036,0.885,0.115,1.0
2025-12-11T06:56:26.883026,0.875,0.125,1.0
2025-12-11T06:56:27.492026,0.875,0.125,1.0
2025-12-11T06:56:28.093474,0.88,0.12,1.0
2025-12-11T06:56:28.708375,0.885,0.115,1.0
2025-12-11T06:56:29.319571,0.88,0.12,1.0
2025-12-11T06:56:29.918888,0.88,0.12,1.0
2025-12-11T06:56:30.515628,0.885,0.115,1.0
2025-12-11T06:56:31.122295,0.885,0.115,1.0
2025-12-11T06:56:31.718764,0.885,0.115,1.0
2025-12-11T06:56:32.325613,0.885,0.115,1.0
2025-12-11T06:56:32.936555,0.88,0.12,1.0
2025-12-11T06:56:33.542292,0.88,0.12,1.0
2025-12-11T06:56:34.147107,0.88,0.12,1.0
2025-12-11T06:56:34.756992,0.885,0.115,1.0
2025-12-11T06:56:35.367312,0.885,0.115,1.0
2025-12-11T06:56:35.969197,0.89,0.11,1.0
2025-12-11T06:56:36.570136,0.89,0.11,1.0
2025-12-11T06:56:37.174394,0.89,0.11,1.0
2025-12-11T06:56:36.285657,0.895,0.105,1.0
2025-12-11T06:56:36.897199,0.915,0.085,1.0
2025-12-11T06:56:37.512057,0.925,0.075,1.0
2025-12-11T06:56:38.110161,0.925,0.075,1.0
2025-12-11T06:56:38.722311,0.925,0.075,1.0
2025-12-11T06:56:39.327143,0.925,0.075,1.0
2025-12-11T06:56:39.941572,0.925,0.075,1.0
2025-12-11T06:56:40.539833,0.925,0.075,1.0
2025-12-11T06:56:41.154682,0.925,0.075,1.0
2025-12-11T06:56:41.773269,0.925,0.075,1.0
2025-12-11T06:56:42.394691,0.925,0.075,1.0
2025-12-11T06:56:42.989416,0.915,0.085,1.0
2025-12-11T06:56:43.595143,0.905,0.095,1.0
2025-12-11T06:56:44.198666,0.905,0.095,1.0
2025-12-11T06:56:44.797444,0.9,0.1,1.0
2025-12-11T06:56:45.406273,0.9,0.1,1.0
2025-12-11T06:56:46.014426,0.905,0.095,1.0
2025-12-11T06:56:46.630292,0.905,0.105,1.01
2025-12-11T06:56:47.244854,0.885,0.115,1.0
2025-12-11T06:56:47.854727,0.89,0.11,1.0
2025-12-11T06:56:48.457318,0.89,0.11,1.0
2025-12-11T06:56:49.059887,0.89,0.11,1.0
2025-12-11T06:56:49.677192,0.89,0.11,1.0
2025-12-11T06:56:50.291971,0.89,0.11,1.0
2025-12-11T06:56:50.899583,0.89,0.11,1.0
2025-12-11T06:56:51.501550,0.89,0.11,1.0
2025-12-11T06:56:52.113402,0.89,0.11,1.0
2025-12-11T06:56:52.727039,0.895,0.115,1.01
2025-12-11T06:56:53.336782,0.905,0.095,1.0
2025-12-11T06:56:53.936041,0.905,0.095,1.0
2025-12-11T06:56:54.548565,0.905,0.095,1.0
2025-12-11T06:56:55.166272,0.89,0.11,1.0
2025-12-11T06:56:55.781313,0.9,0.11,1.01
2025-12-11T06:56:56.396154,0.895,0.105,1.0
2025-12-11T06:56:57.004011,0.89,0.11,1.0
2025-12-11T06:56:57.623689,0.89,0.11,1.0
2025-12-11T06:56:58.234747,0.895,0.105,1.0
2025-12-11T06:56:58.837813,0.895,0.105,1.0
2025-12-11T06:56:59.460648,0.895,0.105,1.0
2025-12-11T06:57:00.096466,0.885,0.115,1.0
2025-12-11T06:57:00.709397,0.885,0.115,1.0
2025-12-11T06:57:01.315093,0.885,0.115,1.0
2025-12-11T06:57:01.923861,0.885,0.115,1.0
2025-12-11T06:57:02.533574,0.885,0.11,0.995
2025-12-11T06:57:03.134573,0.9,0.105,1.0050000000000001
2025-12-11T06:57:03.749741,0.895,0.105,1.0
2025-12-11T06:57:04.361840,0.895,0.105,1.0
2025-12-11T06:57:04.971147,0.895,0.105,1.0
2025-12-11T06:57:05.578419,0.9,0.1,1.0
2025-12-11T06:57:06.187827,0.915,0.085,1.0
2025-12-11T06:57:06.796906,0.925,0.075,1.0
2025-12-11T06:57:07.406964,0.94,0.06,1.0
2025-12-11T06:57:08.008071,0.945,0.055,1.0
2025-12-11T06:57:07.063177,0.945,0.055,1.0
2025-12-11T06:57:07.684360,0.93,0.07,1.0
2025-12-11T06:57:08.297240,0.935,0.065,1.0
2025-12-11T06:57:08.903682,0.94,0.06,1.0
2025-12-11T06:57:09.513219,0.94,0.06,1.0
2025-12-11T06:57:10.114340,0.94,0.06,1.0
2025-12-11T06:57:10.721003,0.94,0.06,1.0
2025-12-11T06:57:11.324196,0.94,0.06,1.0
2025-12-11T06:57:11.939834,0.935,0.065,1.0
2025-12-11T06:57:12.540640,0.93,0.06,0.99
2025-12-11T06:57:13.143749,0.93,0.07,1.0
2025-12-11T06:57:13.747941,0.94,0.06,1.0
2025-12-11T06:57:14.348314,0.94,0.06,1.0
2025-12-11T06:57:14.948964,0.935,0.065,1.0
2025-12-11T06:57:15.548874,0.935,0.065,1.0
2025-12-11T06:57:16.146997,0.93,0.07,1.0
2025-12-11T06:57:16.750364,0.935,0.065,1.0
2025-12-11T06:57:17.357558,0.935,0.06,0.9950000000000001
2025-12-11T06:57:17.971834,0.935,0.06,0.9950000000000001
2025-12-11T06:57:18.569679,0.94,0.06,1.0
2025-12-11T06:57:19.182436,0.945,0.055,1.0
2025-12-11T06:57:19.797513,0.945,0.055,1.0
2025-12-11T06:57:20.412876,0.95,0.05,1.0
2025-12-11T06:57:21.020836,0.955,0.045,1.0
2025-12-11T06:57:21.622236,0.965,0.035,1.0
2025-12-11T06:57:22.242486,0.965,0.035,1.0
2025-12-11T06:57:22.846842,0.965,0.035,1.0
2025-12-11T06:57:23.445996,0.965,0.035,1.0
2025-12-11T06:57:24.059175,0.965,0.035,1.0
2025-12-11T06:57:24.676121,0.965,0.035,1.0
2025-12-11T06:57:25.285598,0.965,0.035,1.0
2025-12-11T06:57:25.898458,0.965,0.035,1.0
2025-12-11T06:57:26.500907,0.965,0.035,1.0
2025-12-11T06:57:27.123097,0.965,0.035,1.0
2025-12-11T06:57:27.744692,0.965,0.035,1.0
2025-12-11T06:57:28.362475,0.965,0.035,1.0
2025-12-11T06:57:28.979540,0.965,0.035,1.0
2025-12-11T06:57:29.595697,0.965,0.035,1.0
2025-12-11T06:57:30.205102,0.965,0.035,1.0
2025-12-11T06:57:30.815659,0.965,0.035,1.0
2025-12-11T06:57:31.425387,0.965,0.035,1.0
2025-12-11T06:57:32.033227,0.965,0.035,1.0
2025-12-11T06:57:32.696199,0.965,0.035,1.0
2025-12-11T06:57:33.301764,0.965,0.035,1.0
2025-12-11T06:57:33.907543,0.965,0.035,1.0
2025-12-11T06:57:34.506076,0.965,0.035,1.0
2025-12-11T06:57:35.119993,0.965,0.035,1.0
2025-12-11T06:57:35.722971,0.965,0.035,1.0
2025-12-11T06:57:36.330250,0.965,0.035,1.0
2025-12-11T06:57:36.933924,0.965,0.035,1.0
2025-12-11T06:57:37.537644,0.965,0.035,1.0
2025-12-11T06:57:38.143416,0.965,0.035,1.0
2025-12-11T06:57:38.743703,0.965,0.035,1.0
2025-12-11T06:57:37.765958,0.965,0.035,1.0
2025-12-11T06:57:38.371660,0.965,0.035,1.0
2025-12-11T06:57:38.983205,0.97,0.03,1.0
2025-12-11T06:57:39.587256,0.975,0.025,1.0
2025-12-11T06:57:40.204509,0.975,0.025,1.0
2025-12-11T06:57:40.797717,0.975,0.025,1.0
2025-12-11T06:57:41.401985,0.965,0.035,1.0
2025-12-11T06:57:42.007952,0.97,0.03,1.0
2025-12-11T06:57:42.615820,0.97,0.03,1.0
2025-12-11T06:57:43.236300,0.965,0.035,1.0
2025-12-11T06:57:43.837408,0.965,0.035,1.0
2025-12-11T06:57:44.445802,0.97,0.03,1.0
2025-12-11T06:57:45.044917,0.97,0.03,1.0
2025-12-11T06:57:45.646121,0.97,0.03,1.0
2025-12-11T06:57:46.241684,0.97,0.03,1.0
2025-12-11T06:57:46.850010,0.97,0.03,1.0
2025-12-11T06:57:47.453044,0.97,0.025,0.995
2025-12-11T06:57:48.060704,0.975,0.025,1.0
2025-12-11T06:57:48.678945,0.975,0.025,1.0
2025-12-11T06:57:49.291036,0.975,0.025,1.0
2025-12-11T06:57:49.901887,0.975,0.025,1.0
2025-12-11T06:57:50.501961,0.975,0.025,1.0
2025-12-11T06:57:51.108085,0.975,0.025,1.0
2025-12-11T06:57:51.727758,0.975,0.025,1.0
2025-12-11T06:57:52.327346,0.975,0.025,1.0
2025-12-11T06:57:52.949823,0.975,0.025,1.0
2025-12-11T06:57:53.575641,0.975,0.025,1.0
2025-12-11T06:57:54.186112,0.97,0.03,1.0
2025-12-11T06:57:54.807558,0.975,0.03,1.005
2025-12-11T06:57:55.437717,0.96,0.04,1.0
2025-12-11T06:57:56.060133,0.96,0.035,0.995
2025-12-11T06:57:56.675417,0.96,0.04,1.0
2025-12-11T06:57:57.294863,0.97,0.03,1.0
2025-12-11T06:57:57.909241,0.97,0.03,1.0
2025-12-11T06:57:58.532204,0.97,0.03,1.0
2025-12-11T06:57:59.148970,0.975,0.025,1.0
2025-12-11T06:57:59.789217,0.97,0.03,1.0
2025-12-11T06:58:00.406190,0.97,0.025,0.995
2025-12-11T06:58:01.020413,0.975,0.025,1.0
2025-12-11T06:58:01.634167,0.975,0.025,1.0
2025-12-11T06:58:02.258707,0.975,0.025,1.0
2025-12-11T06:58:03.013987,0.975,0.025,1.0
2025-12-11T06:58:03.644596,0.98,0.02,1.0
2025-12-11T06:58:04.259196,0.985,0.015,1.0
2025-12-11T06:58:04.873182,0.985,0.015,1.0
2025-12-11T06:58:05.478376,0.985,0.015,1.0
2025-12-11T06:58:06.082395,0.985,0.015,1.0
2025-12-11T06:58:06.690605,0.985,0.015,1.0
2025-12-11T06:58:07.305870,0.985,0.015,1.0
2025-12-11T06:58:07.915758,0.985,0.015,1.0
2025-12-11T06:58:08.521885,0.985,0.015,1.0
2025-12-11T06:58:09.119100,0.985,0.015,1.0
2025-12-11T06:58:08.135345,0.985,0.015,1.0
2025-12-11T06:58:08.729070,0.985,0.015,1.0
2025-12-11T06:58:09.336091,0.985,0.015,1.0
2025-12-11T06:58:09.943184,0.985,0.015,1.0
2025-12-11T06:58:10.558500,0.985,0.015,1.0
2025-12-11T06:58:11.166694,0.985,0.015,1.0
2025-12-11T06:58:11.798534,0.985,0.015,1.0
2025-12-11T06:58:12.410038,0.985,0.015,1.0
2025-12-11T06:58:13.011969,0.985,0.015,1.0
2025-12-11T06:58:13.614487,0.985,0.02,1.005
2025-12-11T06:58:14.223799,0.98,0.02,1.0
2025-12-11T06:58:14.831424,0.985,0.015,1.0
2025-12-11T06:58:15.443710,0.985,0.015,1.0
2025-12-11T06:58:16.050373,0.985,0.015,1.0
2025-12-11T06:58:16.662592,0.985,0.015,1.0
2025-12-11T06:58:17.265766,0.985,0.015,1.0
2025-12-11T06:58:17.868214,0.985,0.015,1.0
2025-12-11T06:58:18.470326,0.985,0.015,1.0
2025-12-11T06:58:19.076047,0.985,0.015,1.0
2025-12-11T06:58:19.685886,0.985,0.015,1.0
2025-12-11T06:58:20.295516,0.985,0.015,1.0
2025-12-11T06:58:20.896549,0.995,0.005,1.0
2025-12-11T06:58:21.499255,0.995,0.005,1.0
2025-12-11T06:58:22.102565,0.995,0.005,1.0
2025-12-11T06:58:22.706270,0.995,0.005,1.0
2025-12-11T06:58:23.316375,0.995,0.005,1.0
2025-12-11T06:58:23.925181,0.995,0.005,1.0
2025-12-11T06:58:24.542070,0.995,0.005,1.0
2025-12-11T06:58:25.149622,0.995,0.005,1.0
2025-12-11T06:58:25.754948,0.995,0.005,1.0
2025-12-11T06:58:26.360737,0.995,0.005,1.0
2025-12-11T06:58:26.970867,0.995,0.005,1.0
2025-12-11T06:58:27.575283,0.995,0.005,1.0
2025-12-11T06:58:28.172052,0.995,0.005,1.0
2025-12-11T06:58:28.783886,0.995,0.005,1.0
2025-12-11T06:58:29.396443,0.995,0.005,1.0
2025-12-11T06:58:30.003490,0.995,0.005,1.0
2025-12-11T06:58:30.614416,0.995,0.005,1.0
2025-12-11T06:58:31.220926,0.995,0.005,1.0
2025-12-11T06:58:31.832219,0.995,0.005,1.0
2025-12-11T06:58:32.431427,0.995,0.005,1.0
2025-12-11T06:58:33.044786,0.995,0.005,1.0
2025-12-11T06:58:33.659796,0.995,0.005,1.0
2025-12-11T06:58:34.265660,0.995,0.005,1.0
2025-12-11T06:58:34.877684,0.995,0.005,1.0
2025-12-11T06:58:35.480363,0.995,0.005,1.0
2025-12-11T06:58:36.102337,0.995,0.005,1.0
2025-12-11T06:58:36.708124,0.995,0.005,1.0
2025-12-11T06:58:37.329208,0.995,0.005,1.0
2025-12-11T06:58:37.936224,0.995,0.005,1.0
2025-12-11T06:58:38.538847,0.995,0.005,1.0
2025-12-11T06:58:39.148168,0.995,0.005,1.0
2025-12-11T06:58:39.756351,0.995,0.005,1.0
2025-12-11T06:58:38.823389,0.995,0.005,1.0
2025-12-11T06:58:39.432693,0.995,0.005,1.0
2025-12-11T06:58:40.037678,0.995,0.005,1.0
2025-12-11T06:58:40.652086,0.995,0.005,1.0
2025-12-11T06:58:41.249874,0.995,0.005,1.0
2025-12-11T06:58:41.859049,0.995,0.005,1.0
2025-12-11T06:58:42.474483,0.995,0.005,1.0
2025-12-11T06:58:43.094838,0.995,0.005,1.0
2025-12-11T06:58:43.699635,0.995,0.005,1.0
2025-12-11T06:58:44.297447,0.995,0.005,1.0
2025-12-11T06:58:44.899417,0.995,0.005,1.0
2025-12-11T06:58:45.500241,0.995,0.005,1.0
2025-12-11T06:58:46.104747,0.995,0.005,1.0
2025-12-11T06:58:46.777537,0.995,0.005,1.0
2025-12-11T06:58:47.396302,0.995,0.005,1.0
2025-12-11T06:58:47.999859,0.995,0.005,1.0
2025-12-11T06:58:48.601350,0.995,0.005,1.0
2025-12-11T06:58:49.208238,0.995,0.005,1.0
2025-12-11T06:58:49.818658,0.995,0.005,1.0
2025-12-11T06:58:50.430156,0.995,0.005,1.0
2025-12-11T06:58:51.041131,0.995,0.005,1.0
2025-12-11T06:58:51.638616,0.995,0.005,1.0
2025-12-11T06:58:52.243191,0.995,0.005,1.0
2025-12-11T06:58:52.849786,0.995,0.005,1.0
2025-12-11T06:58:53.461286,0.995,0.005,1.0
2025-12-11T06:58:54.062217,0.995,0.005,1.0
2025-12-11T06:58:54.663206,0.995,0.005,1.0
2025-12-11T06:58:55.283279,0.995,0.005,1.0
2025-12-11T06:58:55.876502,0.995,0.005,1.0
2025-12-11T06:58:56.486836,0.995,0.005,1.0
2025-12-11T06:58:57.094364,0.995,0.005,1.0
2025-12-11T06:58:57.701107,0.995,0.005,1.0
2025-12-11T06:58:58.322251,0.995,0.005,1.0
2025-12-11T06:58:58.932314,0.995,0.005,1.0
2025-12-11T06:58:59.592148,0.995,0.005,1.0
2025-12-11T06:59:00.224709,0.995,0.005,1.0
2025-12-11T06:59:00.839110,0.995,0.005,1.0
2025-12-11T06:59:01.443669,0.995,0.005,1.0
2025-12-11T06:59:02.043208,0.995,0.005,1.0
2025-12-11T06:59:02.641344,0.995,0.005,1.0
2025-12-11T06:59:03.248908,0.995,0.005,1.0
2025-12-11T06:59:03.852791,0.995,0.005,1.0
2025-12-11T06:59:04.466851,0.995,0.005,1.0
2025-12-11T06:59:05.076897,0.995,0.005,1.0
2025-12-11T06:59:05.687227,0.995,0.005,1.0
2025-12-11T06:59:06.285776,0.995,0.005,1.0
2025-12-11T06:59:06.898280,0.995,0.005,1.0
2025-12-11T06:59:07.509299,0.995,0.005,1.0
2025-12-11T06:59:08.122414,0.995,0.005,1.0
2025-12-11T06:59:08.738199,0.995,0.005,1.0
2025-12-11T06:59:09.352745,0.995,0.005,1.0
2025-12-11T06:59:09.962158,0.995,0.005,1.0
2025-12-11T06:59:10.568519,0.995,0.005,1.0
2025-12-11T06:59:09.614254,0.995,0.005,1.0
2025-12-11T06:59:10.218752,0.995,0.005,1.0
2025-12-11T06:59:10.822118,0.995,0.005,1.0
2025-12-11T06:59:11.501157,0.995,0.005,1.0
2025-12-11T06:59:12.099736,0.995,0.005,1.0
2025-12-11T06:59:12.707469,0.995,0.005,1.0
2025-12-11T06:59:13.316322,0.995,0.005,1.0
2025-12-11T06:59:13.920687,0.995,0.005,1.0
2025-12-11T06:59:14.528104,0.995,0.005,1.0
2025-12-11T06:59:15.135660,0.995,0.005,1.0
2025-12-11T06:59:15.736325,0.995,0.005,1.0
2025-12-11T06:59:16.341792,0.995,0.005,1.0
2025-12-11T06:59:16.952960,0.995,0.005,1.0
2025-12-11T06:59:17.561098,0.995,0.005,1.0
2025-12-11T06:59:18.170065,0.995,0.005,1.0
2025-12-11T06:59:18.776497,0.995,0.005,1.0
2025-12-11T06:59:19.384361,0.995,0.005,1.0
2025-12-11T06:59:19.991694,0.995,0.005,1.0
2025-12-11T06:59:20.606926,0.995,0.005,1.0
2025-12-11T06:59:21.218960,0.995,0.005,1.0
2025-12-11T06:59:21.830433,0.995,0.005,1.0
2025-12-11T06:59:22.434708,0.995,0.005,1.0
2025-12-11T06:59:23.043356,0.995,0.005,1.0
2025-12-11T06:59:23.652470,0.995,0.005,1.0
2025-12-11T06:59:24.255191,0.995,0.005,1.0
2025-12-11T06:59:24.863019,0.995,0.005,1.0
2025-12-11T06:59:25.464186,0.995,0.005,1.0
2025-12-11T06:59:26.064341,0.995,0.005,1.0
2025-12-11T06:59:26.672298,0.995,0.005,1.0
2025-12-11T06:59:27.278960,0.995,0.005,1.0
2025-12-11T06:59:27.883688,0.995,0.005,1.0
2025-12-11T06:59:28.485924,0.995,0.005,1.0
2025-12-11T06:59:29.083654,0.995,0.005,1.0
2025-12-11T06:59:29.688044,0.995,0.005,1.0
2025-12-11T06:59:30.288979,0.995,0.005,1.0
2025-12-11T06:59:30.900420,0.995,0.005,1.0
2025-12-11T06:59:31.506327,0.995,0.005,1.0
2025-12-11T06:59:32.112656,0.995,0.005,1.0
2025-12-11T06:59:32.713919,0.995,0.005,1.0
2025-12-11T06:59:33.320546,0.995,0.005,1.0
2025-12-11T06:59:33.943518,0.995,0.005,1.0
2025-12-11T06:59:34.552253,0.995,0.005,1.0
2025-12-11T06:59:35.154987,0.995,0.005,1.0
2025-12-11T06:59:35.757941,0.995,0.005,1.0
2025-12-11T06:59:36.359739,0.995,0.005,1.0
2025-12-11T06:59:36.965762,0.995,0.005,1.0
2025-12-11T06:59:37.573651,0.995,0.005,1.0
2025-12-11T06:59:38.177488,0.995,0.005,1.0
2025-12-11T06:59:38.785138,0.995,0.005,1.0
2025-12-11T06:59:39.390639,0.995,0.005,1.0
2025-12-11T06:59:39.999772,0.995,0.005,1.0
2025-12-11T06:59:40.599292,0.995,0.005,1.0
2025-12-11T06:59:41.202047,0.995,0.005,1.0
2025-12-11T06:59:40.233038,0.995,0.005,1.0
2025-12-11T06:59:40.831441,0.995,0.005,1.0
2025-12-11T06:59:41.441864,0.995,0.005,1.0
2025-12-11T06:59:42.042978,0.995,0.005,1.0
2025-12-11T06:59:42.646087,0.995,0.005,1.0
2025-12-11T06:59:43.250177,0.995,0.005,1.0
2025-12-11T06:59:43.846201,0.995,0.005,1.0
2025-12-11T06:59:44.446032,0.995,0.005,1.0
2025-12-11T06:59:45.057794,0.995,0.005,1.0
2025-12-11T06:59:45.668461,0.995,0.005,1.0
2025-12-11T06:59:46.277680,0.995,0.005,1.0
2025-12-11T06:59:46.879868,0.995,0.005,1.0
2025-12-11T06:59:47.479365,0.995,0.005,1.0
2025-12-11T06:59:48.093654,0.995,0.005,1.0
2025-12-11T06:59:48.696196,0.995,0.005,1.0
2025-12-11T06:59:49.300358,0.995,0.005,1.0
2025-12-11T06:59:49.900866,0.995,0.005,1.0
2025-12-11T06:59:50.509626,0.995,0.005,1.0
2025-12-11T06:59:51.108441,0.995,0.005,1.0
2025-12-11T06:59:51.714381,0.995,0.005,1.0
2025-12-11T06:59:52.321644,0.995,0.005,1.0
2025-12-11T06:59:52.921796,0.995,0.005,1.0
2025-12-11T06:59:53.528342,0.995,0.005,1.0
2025-12-11T06:59:54.140942,0.995,0.005,1.0
2025-12-11T06:59:54.739138,0.995,0.005,1.0
2025-12-11T06:59:55.345283,0.995,0.005,1.0
2025-12-11T06:59:55.953417,0.995,0.005,1.0
2025-12-11T06:59:56.558540,0.995,0.005,1.0
2025-12-11T06:59:57.170195,0.995,0.005,1.0
2025-12-11T06:59:57.773990,0.995,0.005,1.0
2025-12-11T06:59:58.383334,0.995,0.005,1.0
2025-12-11T06:59:59.006808,0.995,0.005,1.0
2025-12-11T06:59:59.624259,0.995,0.005,1.0
2025-12-11T07:00:00.238784,0.995,0.005,1.0
2025-12-11T07:00:00.878228,0.995,0.005,1.0
2025-12-11T07:00:01.481426,0.995,0.005,1.0
2025-12-11T07:00:02.095886,0.995,0.005,1.0
2025-12-11T07:00:02.711916,0.995,0.005,1.0
2025-12-11T07:00:03.332656,0.995,0.005,1.0
2025-12-11T07:00:03.956442,0.995,0.005,1.0
2025-12-11T07:00:04.563565,0.995,0.005,1.0
2025-12-11T07:00:05.167933,0.995,0.005,1.0
2025-12-11T07:00:05.784269,0.995,0.005,1.0
2025-12-11T07:00:06.391525,0.995,0.005,1.0
2025-12-11T07:00:07.009140,0.995,0.005,1.0
2025-12-11T07:00:07.606411,0.995,0.005,1.0
2025-12-11T07:00:08.217815,0.995,0.005,1.0
2025-12-11T07:00:08.825683,0.995,0.005,1.0
2025-12-11T07:00:09.435899,0.995,0.005,1.0
2025-12-11T07:00:10.045613,0.995,0.005,1.0
2025-12-11T07:00:10.650189,0.995,0.005,1.0
2025-12-11T07:00:11.251281,0.995,0.005,1.0
2025-12-11T07:00:11.863068,0.995,0.005,1.0
2025-12-11T07:00:10.895168,0.995,0.005,1.0
2025-12-11T07:00:11.506306,0.995,0.005,1.0
2025-12-11T07:00:12.147083,0.995,0.005,1.0
2025-12-11T07:00:12.785235,0.995,0.005,1.0
2025-12-11T07:00:13.401010,0.995,0.005,1.0
2025-12-11T07:00:14.006398,0.995,0.005,1.0
2025-12-11T07:00:14.609207,0.995,0.005,1.0
2025-12-11T07:00:15.213327,0.995,0.005,1.0
2025-12-11T07:00:15.823565,0.995,0.005,1.0
2025-12-11T07:00:16.430310,0.995,0.005,1.0
2025-12-11T07:00:17.031974,0.995,0.005,1.0
2025-12-11T07:00:17.633048,0.995,0.005,1.0
2025-12-11T07:00:18.246031,0.995,0.005,1.0
2025-12-11T07:00:18.855795,0.995,0.005,1.0
2025-12-11T07:00:19.482326,0.995,0.005,1.0
2025-12-11T07:00:20.090310,0.995,0.005,1.0
2025-12-11T07:00:20.691892,0.995,0.005,1.0
2025-12-11T07:00:21.303451,0.995,0.005,1.0
2025-12-11T07:00:21.901723,0.995,0.005,1.0
2025-12-11T07:00:22.504552,0.995,0.005,1.0
2025-12-11T07:00:23.128838,0.995,0.005,1.0
2025-12-11T07:00:23.731470,0.995,0.005,1.0
2025-12-11T07:00:24.341279,0.995,0.005,1.0
2025-12-11T07:00:24.946287,0.995,0.005,1.0
2025-12-11T07:00:25.554386,0.995,0.005,1.0
2025-12-11T07:00:26.160778,0.995,0.005,1.0
2025-12-11T07:00:26.770799,0.995,0.005,1.0
2025-12-11T07:00:27.381114,0.995,0.005,1.0
2025-12-11T07:00:27.989766,0.995,0.005,1.0
2025-12-11T07:00:28.594054,0.995,0.005,1.0
2025-12-11T07:00:29.214689,0.995,0.005,1.0
2025-12-11T07:00:29.815358,0.995,0.005,1.0
2025-12-11T07:00:30.419157,0.995,0.005,1.0
2025-12-11T07:00:31.026438,0.995,0.005,1.0
2025-12-11T07:00:31.635722,0.995,0.005,1.0
2025-12-11T07:00:32.243825,0.995,0.005,1.0
2025-12-11T07:00:32.854210,0.995,0.005,1.0
2025-12-11T07:00:33.458008,0.995,0.005,1.0
2025-12-11T07:00:34.062502,0.995,0.005,1.0
2025-12-11T07:00:34.659343,0.995,0.005,1.0
2025-12-11T07:00:35.265921,0.995,0.005,1.0
2025-12-11T07:00:35.870562,0.995,0.005,1.0
2025-12-11T07:00:36.522549,0.995,0.005,1.0
2025-12-11T07:00:37.120742,0.995,0.005,1.0
2025-12-11T07:00:37.724599,0.995,0.005,1.0
2025-12-11T07:00:38.333391,0.995,0.005,1.0
2025-12-11T07:00:38.935018,0.995,0.005,1.0
2025-12-11T07:00:39.536976,0.995,0.005,1.0
2025-12-11T07:00:40.142839,0.995,0.005,1.0
2025-12-11T07:00:40.753035,0.995,0.005,1.0
2025-12-11T07:00:41.351817,0.995,0.005,1.0
2025-12-11T07:00:41.956840,0.995,0.005,1.0
2025-12-11T07:00:42.557117,0.995,0.005,1.0
2025-12-11T07:00:41.608463,0.995,0.005,1.0
2025-12-11T07:00:42.208102,0.995,0.005,1.0
2025-12-11T07:00:42.812903,0.995,0.005,1.0
2025-12-11T07:00:43.416500,0.995,0.005,1.0
2025-12-11T07:00:44.014230,0.995,0.005,1.0
2025-12-11T07:00:44.622353,0.995,0.005,1.0
2025-12-11T07:00:45.230320,0.995,0.005,1.0
2025-12-11T07:00:45.832662,0.995,0.005,1.0
2025-12-11T07:00:46.436879,0.995,0.005,1.0
2025-12-11T07:00:47.041347,0.995,0.005,1.0
2025-12-11T07:00:47.655317,0.995,0.005,1.0
2025-12-11T07:00:48.255596,0.995,0.005,1.0
2025-12-11T07:00:48.854404,0.995,0.005,1.0
2025-12-11T07:00:49.461954,0.995,0.005,1.0
2025-12-11T07:00:50.070512,0.995,0.005,1.0
2025-12-11T07:00:50.679839,0.995,0.005,1.0
2025-12-11T07:00:51.283674,0.995,0.005,1.0
2025-12-11T07:00:51.883597,0.995,0.005,1.0
2025-12-11T07:00:52.488998,0.995,0.005,1.0
2025-12-11T07:00:53.089986,0.995,0.005,1.0
2025-12-11T07:00:53.698414,0.995,0.005,1.0
2025-12-11T07:00:54.300375,0.995,0.005,1.0
2025-12-11T07:00:54.905453,0.995,0.005,1.0
2025-12-11T07:00:55.516490,0.995,0.005,1.0
2025-12-11T07:00:56.120267,0.995,0.005,1.0
2025-12-11T07:00:56.738110,0.995,0.005,1.0
2025-12-11T07:00:57.451012,0.995,0.005,1.0
2025-12-11T07:00:58.053139,0.995,0.005,1.0
2025-12-11T07:00:58.664657,0.995,0.005,1.0
2025-12-11T07:00:59.270845,0.995,0.005,1.0
2025-12-11T07:00:59.872697,0.995,0.005,1.0
