timestamp,price_yes,price_no,sum_prices
2025-12-11T06:01:00.811057,0.345,0.65,0.995
2025-12-11T06:01:01.430687,0.335,0.665,1.0
2025-12-11T06:01:02.035483,0.335,0.665,1.0
2025-12-11T06:01:02.645471,0.345,0.655,1.0
2025-12-11T06:01:03.258045,0.325,0.675,1.0
2025-12-11T06:01:03.857038,0.315,0.685,1.0
2025-12-11T06:01:04.465603,0.315,0.685,1.0
2025-12-11T06:01:05.073198,0.305,0.695,1.0
2025-12-11T06:01:05.682816,0.305,0.695,1.0
2025-12-11T06:01:06.303908,0.305,0.695,1.0
2025-12-11T06:01:06.927765,0.305,0.695,1.0
2025-12-11T06:01:07.540235,0.295,0.705,1.0
2025-12-11T06:01:08.148574,0.295,0.705,1.0
2025-12-11T06:01:08.757688,0.295,0.705,1.0
2025-12-11T06:01:09.365247,0.285,0.715,1.0
2025-12-11T06:01:09.986673,0.285,0.715,1.0
2025-12-11T06:01:10.593983,0.295,0.705,1.0
2025-12-11T06:01:11.194887,0.295,0.705,1.0
2025-12-11T06:01:11.800665,0.285,0.715,1.0
2025-12-11T06:01:12.400534,0.285,0.715,1.0
2025-12-11T06:01:13.005439,0.285,0.715,1.0
2025-12-11T06:01:13.683067,0.275,0.725,1.0
2025-12-11T06:01:14.289207,0.275,0.725,1.0
2025-12-11T06:01:14.904559,0.285,0.715,1.0
2025-12-11T06:01:15.510261,0.285,0.72,1.005
2025-12-11T06:01:16.117311,0.275,0.725,1.0
2025-12-11T06:01:16.714688,0.28,0.72,1.0
2025-12-11T06:01:17.321913,0.28,0.72,1.0
2025-12-11T06:01:17.931257,0.28,0.72,1.0
2025-12-11T06:01:18.541349,0.28,0.72,1.0
2025-12-11T06:01:19.143192,0.285,0.715,1.0
2025-12-11T06:01:19.746870,0.285,0.715,1.0
2025-12-11T06:01:20.357851,0.265,0.735,1.0
2025-12-11T06:01:20.960127,0.265,0.735,1.0
2025-12-11T06:01:21.569141,0.265,0.735,1.0
2025-12-11T06:01:22.163051,0.29,0.71,1.0
2025-12-11T06:01:22.784489,0.295,0.705,1.0
2025-12-11T06:01:23.407600,0.285,0.715,1.0
2025-12-11T06:01:22.450834,0.285,0.715,1.0
2025-12-11T06:01:23.071109,0.275,0.725,1.0
2025-12-11T06:01:23.682607,0.28,0.72,1.0
2025-12-11T06:01:24.306691,0.28,0.72,1.0
2025-12-11T06:01:24.906222,0.27,0.73,1.0
2025-12-11T06:01:25.505401,0.265,0.735,1.0
2025-12-11T06:01:26.118756,0.28,0.725,1.005
2025-12-11T06:01:26.736740,0.275,0.725,1.0
2025-12-11T06:01:27.349797,0.27,0.725,0.995
2025-12-11T06:01:27.951493,0.27,0.73,1.0
2025-12-11T06:01:28.562177,0.27,0.73,1.0
2025-12-11T06:01:29.170506,0.27,0.73,1.0
2025-12-11T06:01:29.784946,0.265,0.735,1.0
2025-12-11T06:01:30.388091,0.265,0.735,1.0
2025-12-11T06:01:30.984264,0.265,0.735,1.0
2025-12-11T06:01:31.598957,0.255,0.74,0.995
2025-12-11T06:01:32.222967,0.255,0.745,1.0
2025-12-11T06:01:32.828291,0.265,0.735,1.0
2025-12-11T06:01:33.439636,0.265,0.735,1.0
2025-12-11T06:01:34.062109,0.27,0.73,1.0
2025-12-11T06:01:34.669852,0.27,0.73,1.0
2025-12-11T06:01:35.273310,0.255,0.745,1.0
2025-12-11T06:01:35.872592,0.26,0.74,1.0
2025-12-11T06:01:36.486334,0.265,0.735,1.0
2025-12-11T06:01:37.095070,0.275,0.725,1.0
2025-12-11T06:01:37.713479,0.285,0.715,1.0
2025-12-11T06:01:38.321002,0.285,0.715,1.0
2025-12-11T06:01:38.927387,0.28,0.72,1.0
2025-12-11T06:01:39.535815,0.28,0.72,1.0
2025-12-11T06:01:40.141470,0.28,0.72,1.0
2025-12-11T06:01:40.759469,0.28,0.72,1.0
2025-12-11T06:01:41.363788,0.275,0.725,1.0
2025-12-11T06:01:41.968572,0.285,0.715,1.0
2025-12-11T06:01:42.580590,0.285,0.715,1.0
2025-12-11T06:01:43.189725,0.285,0.725,1.01
2025-12-11T06:01:43.797418,0.275,0.735,1.01
2025-12-11T06:01:44.411179,0.265,0.735,1.0
2025-12-11T06:01:45.025785,0.27,0.73,1.0
2025-12-11T06:01:45.638370,0.275,0.725,1.0
2025-12-11T06:01:46.237156,0.265,0.735,1.0
2025-12-11T06:01:46.852699,0.255,0.745,1.0
2025-12-11T06:01:47.474708,0.255,0.745,1.0
2025-12-11T06:01:48.094094,0.245,0.755,1.0
2025-12-11T06:01:48.706332,0.245,0.755,1.0
2025-12-11T06:01:49.317263,0.245,0.755,1.0
2025-12-11T06:01:49.924795,0.245,0.755,1.0
2025-12-11T06:01:50.542111,0.245,0.755,1.0
2025-12-11T06:01:51.162350,0.245,0.755,1.0
2025-12-11T06:01:51.759181,0.245,0.755,1.0
2025-12-11T06:01:52.367743,0.245,0.755,1.0
2025-12-11T06:01:52.966942,0.235,0.765,1.0
2025-12-11T06:01:53.572642,0.235,0.765,1.0
2025-12-11T06:01:52.608507,0.235,0.765,1.0
2025-12-11T06:01:53.212934,0.24,0.76,1.0
2025-12-11T06:01:53.809111,0.24,0.76,1.0
2025-12-11T06:01:54.404998,0.235,0.765,1.0
2025-12-11T06:01:55.012609,0.235,0.765,1.0
2025-12-11T06:01:55.623582,0.235,0.765,1.0
2025-12-11T06:01:56.231919,0.235,0.765,1.0
2025-12-11T06:01:56.838119,0.235,0.765,1.0
2025-12-11T06:01:57.446361,0.225,0.775,1.0
2025-12-11T06:01:58.055194,0.235,0.765,1.0
2025-12-11T06:01:58.666612,0.235,0.765,1.0
2025-12-11T06:01:59.279532,0.235,0.765,1.0
2025-12-11T06:01:59.889986,0.235,0.755,0.99
2025-12-11T06:02:00.502249,0.25,0.75,1.0
2025-12-11T06:02:01.118657,0.25,0.75,1.0
2025-12-11T06:02:01.733963,0.245,0.765,1.01
2025-12-11T06:02:02.338743,0.225,0.775,1.0
2025-12-11T06:02:02.945540,0.225,0.775,1.0
2025-12-11T06:02:03.553942,0.235,0.765,1.0
2025-12-11T06:02:04.189388,0.235,0.765,1.0
2025-12-11T06:02:04.791826,0.235,0.765,1.0
2025-12-11T06:02:05.413001,0.235,0.765,1.0
2025-12-11T06:02:06.027758,0.235,0.765,1.0
2025-12-11T06:02:06.631828,0.235,0.765,1.0
2025-12-11T06:02:07.241489,0.235,0.76,0.995
2025-12-11T06:02:07.856088,0.245,0.755,1.0
2025-12-11T06:02:08.456656,0.245,0.755,1.0
2025-12-11T06:02:09.051165,0.245,0.755,1.0
2025-12-11T06:02:09.656510,0.245,0.755,1.0
2025-12-11T06:02:10.255037,0.245,0.755,1.0
2025-12-11T06:02:10.871167,0.245,0.755,1.0
2025-12-11T06:02:11.479408,0.245,0.755,1.0
2025-12-11T06:02:12.080288,0.245,0.755,1.0
2025-12-11T06:02:12.685169,0.245,0.755,1.0
2025-12-11T06:02:13.285739,0.245,0.755,1.0
2025-12-11T06:02:13.880527,0.235,0.76,0.995
2025-12-11T06:02:14.477823,0.24,0.76,1.0
2025-12-11T06:02:15.118327,0.245,0.755,1.0
2025-12-11T06:02:15.733731,0.245,0.755,1.0
2025-12-11T06:02:16.343002,0.225,0.775,1.0
2025-12-11T06:02:16.957304,0.23,0.77,1.0
2025-12-11T06:02:17.574641,0.23,0.77,1.0
2025-12-11T06:02:18.185504,0.23,0.77,1.0
2025-12-11T06:02:18.796724,0.235,0.765,1.0
2025-12-11T06:02:19.400065,0.235,0.765,1.0
2025-12-11T06:02:20.004387,0.225,0.775,1.0
2025-12-11T06:02:20.625613,0.235,0.765,1.0
2025-12-11T06:02:21.253194,0.235,0.765,1.0
2025-12-11T06:02:21.849030,0.235,0.765,1.0
2025-12-11T06:02:22.453174,0.235,0.765,1.0
2025-12-11T06:02:23.065163,0.235,0.765,1.0
2025-12-11T06:02:23.676948,0.225,0.775,1.0
2025-12-11T06:02:24.290628,0.205,0.795,1.0
2025-12-11T06:02:23.341866,0.19,0.81,1.0
2025-12-11T06:02:23.952187,0.2,0.8,1.0
2025-12-11T06:02:24.561253,0.205,0.795,1.0
2025-12-11T06:02:25.175582,0.195,0.805,1.0
2025-12-11T06:02:25.793170,0.195,0.805,1.0
2025-12-11T06:02:26.392848,0.205,0.795,1.0
2025-12-11T06:02:26.985850,0.2,0.8,1.0
2025-12-11T06:02:27.605422,0.195,0.805,1.0
2025-12-11T06:02:28.213168,0.185,0.815,1.0
2025-12-11T06:02:28.822560,0.185,0.815,1.0
2025-12-11T06:02:29.433412,0.19,0.81,1.0
2025-12-11T06:02:30.036431,0.19,0.81,1.0
2025-12-11T06:02:30.653468,0.19,0.81,1.0
2025-12-11T06:02:31.274182,0.195,0.805,1.0
2025-12-11T06:02:31.892548,0.19,0.815,1.005
2025-12-11T06:02:32.519415,0.185,0.815,1.0
2025-12-11T06:02:33.120494,0.185,0.815,1.0
2025-12-11T06:02:33.732529,0.185,0.81,0.9950000000000001
2025-12-11T06:02:34.339618,0.185,0.815,1.0
2025-12-11T06:02:34.950442,0.185,0.815,1.0
2025-12-11T06:02:35.560868,0.19,0.81,1.0
2025-12-11T06:02:36.241552,0.185,0.81,0.9950000000000001
2025-12-11T06:02:36.860782,0.185,0.815,1.0
2025-12-11T06:02:37.471398,0.195,0.805,1.0
2025-12-11T06:02:38.082955,0.19,0.81,1.0
2025-12-11T06:02:38.701525,0.185,0.815,1.0
2025-12-11T06:02:39.298525,0.185,0.815,1.0
2025-12-11T06:02:39.909950,0.175,0.825,1.0
2025-12-11T06:02:40.522951,0.18,0.82,1.0
2025-12-11T06:02:41.147373,0.18,0.82,1.0
2025-12-11T06:02:41.775719,0.18,0.82,1.0
2025-12-11T06:02:42.382043,0.175,0.825,1.0
2025-12-11T06:02:43.003213,0.165,0.835,1.0
2025-12-11T06:02:43.616323,0.165,0.835,1.0
2025-12-11T06:02:44.229267,0.155,0.845,1.0
2025-12-11T06:02:44.845086,0.165,0.835,1.0
2025-12-11T06:02:45.445070,0.165,0.835,1.0
2025-12-11T06:02:46.052539,0.16,0.84,1.0
2025-12-11T06:02:46.660509,0.16,0.84,1.0
2025-12-11T06:02:47.267094,0.16,0.84,1.0
2025-12-11T06:02:47.869378,0.16,0.84,1.0
2025-12-11T06:02:48.474689,0.16,0.84,1.0
2025-12-11T06:02:49.087978,0.16,0.84,1.0
2025-12-11T06:02:49.697777,0.165,0.835,1.0
2025-12-11T06:02:50.314969,0.165,0.84,1.005
2025-12-11T06:02:50.931709,0.16,0.84,1.0
2025-12-11T06:02:51.531064,0.16,0.84,1.0
2025-12-11T06:02:52.140473,0.16,0.84,1.0
2025-12-11T06:02:52.750597,0.16,0.84,1.0
2025-12-11T06:02:53.368450,0.165,0.835,1.0
2025-12-11T06:02:53.976954,0.165,0.835,1.0
2025-12-11T06:02:54.578931,0.165,0.835,1.0
2025-12-11T06:02:55.179480,0.165,0.835,1.0
2025-12-11T06:02:54.212747,0.17,0.83,1.0
2025-12-11T06:02:54.826298,0.175,0.825,1.0
2025-12-11T06:02:55.438356,0.175,0.825,1.0
2025-12-11T06:02:56.032569,0.175,0.825,1.0
2025-12-11T06:02:56.644600,0.175,0.825,1.0
2025-12-11T06:02:57.250065,0.18,0.82,1.0
2025-12-11T06:02:57.850126,0.175,0.825,1.0
2025-12-11T06:02:58.459634,0.17,0.83,1.0
2025-12-11T06:02:59.069727,0.165,0.835,1.0
2025-12-11T06:02:59.676043,0.165,0.835,1.0
2025-12-11T06:03:00.281936,0.165,0.835,1.0
2025-12-11T06:03:00.891944,0.165,0.835,1.0
2025-12-11T06:03:01.499273,0.165,0.845,1.01
2025-12-11T06:03:02.155044,0.155,0.845,1.0
2025-12-11T06:03:02.749929,0.165,0.835,1.0
2025-12-11T06:03:03.348254,0.165,0.835,1.0
2025-12-11T06:03:03.957009,0.175,0.825,1.0
2025-12-11T06:03:04.572160,0.175,0.825,1.0
2025-12-11T06:03:05.190500,0.175,0.825,1.0
2025-12-11T06:03:05.798778,0.175,0.825,1.0
2025-12-11T06:03:06.402913,0.175,0.825,1.0
2025-12-11T06:03:07.015032,0.175,0.825,1.0
2025-12-11T06:03:07.618888,0.175,0.81,0.9850000000000001
2025-12-11T06:03:08.232669,0.195,0.805,1.0
2025-12-11T06:03:08.846759,0.185,0.815,1.0
2025-12-11T06:03:09.455713,0.18,0.82,1.0
2025-12-11T06:03:10.071655,0.18,0.82,1.0
2025-12-11T06:03:10.690759,0.18,0.82,1.0
2025-12-11T06:03:11.304798,0.185,0.815,1.0
2025-12-11T06:03:11.921329,0.18,0.82,1.0
2025-12-11T06:03:12.527875,0.18,0.82,1.0
2025-12-11T06:03:13.146522,0.18,0.82,1.0
2025-12-11T06:03:13.756704,0.18,0.82,1.0
2025-12-11T06:03:14.380590,0.18,0.82,1.0
2025-12-11T06:03:14.989584,0.18,0.82,1.0
2025-12-11T06:03:15.588540,0.18,0.82,1.0
2025-12-11T06:03:16.194550,0.18,0.82,1.0
2025-12-11T06:03:16.798241,0.175,0.825,1.0
2025-12-11T06:03:17.413802,0.175,0.825,1.0
2025-12-11T06:03:18.031952,0.175,0.825,1.0
2025-12-11T06:03:18.629933,0.175,0.825,1.0
2025-12-11T06:03:19.246326,0.175,0.825,1.0
2025-12-11T06:03:19.861341,0.175,0.825,1.0
2025-12-11T06:03:20.474762,0.175,0.825,1.0
2025-12-11T06:03:21.097002,0.175,0.825,1.0
2025-12-11T06:03:21.699762,0.175,0.825,1.0
2025-12-11T06:03:22.310388,0.195,0.805,1.0
2025-12-11T06:03:22.911253,0.195,0.805,1.0
2025-12-11T06:03:23.523137,0.195,0.805,1.0
2025-12-11T06:03:24.132435,0.195,0.805,1.0
2025-12-11T06:03:24.736406,0.195,0.805,1.0
2025-12-11T06:03:25.351993,0.195,0.805,1.0
2025-12-11T06:03:25.961916,0.195,0.805,1.0
2025-12-11T06:03:25.016383,0.195,0.805,1.0
2025-12-11T06:03:25.617009,0.195,0.805,1.0
2025-12-11T06:03:26.217935,0.195,0.805,1.0
2025-12-11T06:03:26.824219,0.195,0.805,1.0
2025-12-11T06:03:27.430293,0.195,0.805,1.0
2025-12-11T06:03:28.040488,0.195,0.805,1.0
2025-12-11T06:03:28.660067,0.205,0.785,0.99
2025-12-11T06:03:29.305773,0.235,0.765,1.0
2025-12-11T06:03:29.918046,0.245,0.755,1.0
2025-12-11T06:03:30.525252,0.245,0.755,1.0
2025-12-11T06:03:31.122984,0.245,0.755,1.0
2025-12-11T06:03:31.729089,0.255,0.745,1.0
2025-12-11T06:03:32.332806,0.265,0.735,1.0
2025-12-11T06:03:32.944503,0.265,0.735,1.0
2025-12-11T06:03:33.556918,0.265,0.735,1.0
2025-12-11T06:03:34.156208,0.255,0.745,1.0
2025-12-11T06:03:34.758641,0.255,0.745,1.0
2025-12-11T06:03:35.364218,0.245,0.755,1.0
2025-12-11T06:03:35.955065,0.245,0.755,1.0
2025-12-11T06:03:36.558865,0.255,0.745,1.0
2025-12-11T06:03:37.253982,0.255,0.745,1.0
2025-12-11T06:03:37.867228,0.255,0.745,1.0
2025-12-11T06:03:38.476979,0.255,0.745,1.0
2025-12-11T06:03:39.088711,0.255,0.745,1.0
2025-12-11T06:03:39.704214,0.255,0.745,1.0
2025-12-11T06:03:40.314569,0.245,0.755,1.0
2025-12-11T06:03:40.925767,0.245,0.755,1.0
2025-12-11T06:03:41.539499,0.235,0.765,1.0
2025-12-11T06:03:42.131360,0.235,0.765,1.0
2025-12-11T06:03:42.733033,0.235,0.765,1.0
2025-12-11T06:03:43.350240,0.225,0.775,1.0
2025-12-11T06:03:43.958303,0.225,0.775,1.0
2025-12-11T06:03:44.563235,0.225,0.775,1.0
2025-12-11T06:03:45.168385,0.215,0.785,1.0
2025-12-11T06:03:45.776077,0.215,0.785,1.0
2025-12-11T06:03:46.377007,0.215,0.785,1.0
2025-12-11T06:03:46.982799,0.215,0.795,1.01
2025-12-11T06:03:47.595647,0.195,0.8,0.9950000000000001
2025-12-11T06:03:48.191444,0.2,0.8,1.0
2025-12-11T06:03:48.794660,0.205,0.795,1.0
2025-12-11T06:03:49.394157,0.205,0.795,1.0
2025-12-11T06:03:50.001553,0.205,0.795,1.0
2025-12-11T06:03:50.606993,0.195,0.805,1.0
2025-12-11T06:03:51.206813,0.2,0.8,1.0
2025-12-11T06:03:51.818435,0.195,0.805,1.0
2025-12-11T06:03:52.427770,0.205,0.795,1.0
2025-12-11T06:03:53.053033,0.195,0.805,1.0
2025-12-11T06:03:53.666938,0.195,0.805,1.0
2025-12-11T06:03:54.281352,0.18,0.82,1.0
2025-12-11T06:03:54.886107,0.185,0.82,1.005
2025-12-11T06:03:55.509567,0.175,0.825,1.0
2025-12-11T06:03:56.112243,0.175,0.825,1.0
2025-12-11T06:03:56.730576,0.175,0.825,1.0
2025-12-11T06:03:55.792735,0.18,0.82,1.0
2025-12-11T06:03:56.405460,0.18,0.82,1.0
2025-12-11T06:03:57.017182,0.175,0.825,1.0
2025-12-11T06:03:57.632504,0.175,0.825,1.0
2025-12-11T06:03:58.259227,0.18,0.82,1.0
2025-12-11T06:03:58.878383,0.185,0.815,1.0
2025-12-11T06:03:59.476247,0.185,0.815,1.0
2025-12-11T06:04:00.084930,0.185,0.815,1.0
2025-12-11T06:04:00.679829,0.185,0.815,1.0
2025-12-11T06:04:01.295839,0.185,0.815,1.0
2025-12-11T06:04:01.910666,0.175,0.825,1.0
2025-12-11T06:04:02.512336,0.175,0.825,1.0
2025-12-11T06:04:03.125332,0.175,0.825,1.0
2025-12-11T06:04:03.741944,0.18,0.82,1.0
2025-12-11T06:04:04.341257,0.185,0.815,1.0
2025-12-11T06:04:04.963936,0.185,0.815,1.0
2025-12-11T06:04:05.576609,0.185,0.815,1.0
2025-12-11T06:04:06.191652,0.185,0.815,1.0
2025-12-11T06:04:06.805466,0.185,0.815,1.0
2025-12-11T06:04:07.420049,0.185,0.815,1.0
2025-12-11T06:04:08.106964,0.185,0.815,1.0
2025-12-11T06:04:08.723802,0.185,0.815,1.0
2025-12-11T06:04:09.344482,0.185,0.815,1.0
2025-12-11T06:04:09.951032,0.185,0.815,1.0
2025-12-11T06:04:10.554022,0.18,0.825,1.005
2025-12-11T06:04:11.163290,0.175,0.825,1.0
2025-12-11T06:04:11.756895,0.18,0.82,1.0
2025-12-11T06:04:12.358254,0.18,0.82,1.0
2025-12-11T06:04:12.968051,0.18,0.82,1.0
2025-12-11T06:04:13.583969,0.18,0.82,1.0
2025-12-11T06:04:14.186698,0.175,0.825,1.0
2025-12-11T06:04:14.799486,0.175,0.825,1.0
2025-12-11T06:04:15.408836,0.175,0.825,1.0
2025-12-11T06:04:16.017352,0.175,0.825,1.0
2025-12-11T06:04:16.635867,0.175,0.825,1.0
2025-12-11T06:04:17.237744,0.175,0.825,1.0
2025-12-11T06:04:17.840958,0.175,0.825,1.0
2025-12-11T06:04:18.441760,0.175,0.825,1.0
2025-12-11T06:04:19.064642,0.175,0.825,1.0
2025-12-11T06:04:19.682756,0.175,0.825,1.0
2025-12-11T06:04:20.288911,0.175,0.825,1.0
2025-12-11T06:04:20.901781,0.175,0.825,1.0
2025-12-11T06:04:21.520868,0.18,0.825,1.005
2025-12-11T06:04:22.129768,0.175,0.825,1.0
2025-12-11T06:04:22.747068,0.18,0.82,1.0
2025-12-11T06:04:23.342415,0.175,0.825,1.0
2025-12-11T06:04:23.954844,0.175,0.825,1.0
2025-12-11T06:04:24.567503,0.175,0.825,1.0
2025-12-11T06:04:25.179689,0.175,0.825,1.0
2025-12-11T06:04:25.805444,0.19,0.81,1.0
2025-12-11T06:04:26.406095,0.19,0.815,1.005
2025-12-11T06:04:27.015383,0.185,0.815,1.0
2025-12-11T06:04:26.070323,0.185,0.815,1.0
2025-12-11T06:04:26.683922,0.185,0.815,1.0
2025-12-11T06:04:27.304550,0.185,0.815,1.0
2025-12-11T06:04:27.898901,0.185,0.815,1.0
2025-12-11T06:04:28.517990,0.185,0.815,1.0
2025-12-11T06:04:29.122732,0.185,0.815,1.0
2025-12-11T06:04:29.750051,0.185,0.81,0.9950000000000001
2025-12-11T06:04:30.348562,0.195,0.805,1.0
2025-12-11T06:04:30.961900,0.195,0.805,1.0
2025-12-11T06:04:31.566107,0.195,0.805,1.0
2025-12-11T06:04:32.160125,0.195,0.805,1.0
2025-12-11T06:04:32.767179,0.195,0.805,1.0
2025-12-11T06:04:33.364945,0.19,0.81,1.0
2025-12-11T06:04:33.976623,0.19,0.81,1.0
2025-12-11T06:04:34.578501,0.19,0.81,1.0
2025-12-11T06:04:35.182225,0.19,0.81,1.0
2025-12-11T06:04:35.787564,0.19,0.81,1.0
2025-12-11T06:04:36.385188,0.19,0.81,1.0
2025-12-11T06:04:36.990315,0.19,0.81,1.0
2025-12-11T06:04:37.596229,0.19,0.81,1.0
2025-12-11T06:04:38.201555,0.19,0.81,1.0
2025-12-11T06:04:38.819639,0.19,0.81,1.0
2025-12-11T06:04:39.428848,0.195,0.805,1.0
2025-12-11T06:04:40.040586,0.19,0.81,1.0
2025-12-11T06:04:40.654042,0.195,0.805,1.0
2025-12-11T06:04:41.264665,0.195,0.805,1.0
2025-12-11T06:04:41.867330,0.195,0.805,1.0
2025-12-11T06:04:42.468073,0.195,0.805,1.0
2025-12-11T06:04:43.065138,0.19,0.81,1.0
2025-12-11T06:04:43.669429,0.19,0.81,1.0
2025-12-11T06:04:44.272713,0.19,0.805,0.9950000000000001
2025-12-11T06:04:44.874846,0.195,0.805,1.0
2025-12-11T06:04:45.471632,0.195,0.805,1.0
2025-12-11T06:04:46.084770,0.195,0.805,1.0
2025-12-11T06:04:46.695923,0.195,0.805,1.0
2025-12-11T06:04:47.296655,0.195,0.805,1.0
2025-12-11T06:04:47.900043,0.195,0.805,1.0
2025-12-11T06:04:48.492306,0.195,0.805,1.0
2025-12-11T06:04:49.095919,0.195,0.805,1.0
2025-12-11T06:04:49.706020,0.195,0.805,1.0
2025-12-11T06:04:50.315471,0.195,0.805,1.0
2025-12-11T06:04:50.920390,0.195,0.805,1.0
2025-12-11T06:04:51.516982,0.195,0.805,1.0
2025-12-11T06:04:52.124318,0.195,0.805,1.0
2025-12-11T06:04:52.732001,0.195,0.815,1.01
2025-12-11T06:04:53.334000,0.185,0.815,1.0
2025-12-11T06:04:53.933120,0.185,0.815,1.0
2025-12-11T06:04:54.540506,0.185,0.815,1.0
2025-12-11T06:04:55.146293,0.185,0.815,1.0
2025-12-11T06:04:55.749600,0.175,0.825,1.0
2025-12-11T06:04:56.355477,0.175,0.825,1.0
2025-12-11T06:04:56.966021,0.175,0.825,1.0
2025-12-11T06:04:57.574434,0.175,0.825,1.0
2025-12-11T06:04:58.170590,0.175,0.825,1.0
2025-12-11T06:04:57.218770,0.155,0.845,1.0
2025-12-11T06:04:57.814175,0.155,0.845,1.0
2025-12-11T06:04:58.417573,0.155,0.845,1.0
2025-12-11T06:04:59.025875,0.155,0.845,1.0
2025-12-11T06:04:59.632704,0.155,0.845,1.0
2025-12-11T06:05:00.255714,0.155,0.84,0.995
2025-12-11T06:05:00.860441,0.165,0.835,1.0
2025-12-11T06:05:01.472833,0.165,0.835,1.0
2025-12-11T06:05:02.079818,0.165,0.835,1.0
2025-12-11T06:05:02.685972,0.165,0.835,1.0
2025-12-11T06:05:03.298554,0.165,0.835,1.0
2025-12-11T06:05:03.895116,0.165,0.835,1.0
2025-12-11T06:05:04.501560,0.165,0.835,1.0
2025-12-11T06:05:05.099704,0.165,0.835,1.0
2025-12-11T06:05:05.695311,0.165,0.835,1.0
2025-12-11T06:05:06.306528,0.165,0.835,1.0
2025-12-11T06:05:06.919357,0.165,0.835,1.0
2025-12-11T06:05:07.527230,0.165,0.835,1.0
2025-12-11T06:05:08.150394,0.165,0.835,1.0
2025-12-11T06:05:08.751750,0.165,0.835,1.0
2025-12-11T06:05:09.355020,0.165,0.835,1.0
2025-12-11T06:05:09.950249,0.165,0.835,1.0
2025-12-11T06:05:10.561520,0.155,0.845,1.0
2025-12-11T06:05:11.161283,0.155,0.845,1.0
2025-12-11T06:05:11.757164,0.155,0.845,1.0
2025-12-11T06:05:12.353690,0.155,0.845,1.0
2025-12-11T06:05:12.950364,0.155,0.845,1.0
2025-12-11T06:05:13.563837,0.155,0.845,1.0
2025-12-11T06:05:14.159964,0.155,0.845,1.0
2025-12-11T06:05:14.767712,0.155,0.845,1.0
2025-12-11T06:05:15.369869,0.155,0.845,1.0
2025-12-11T06:05:15.980070,0.155,0.845,1.0
2025-12-11T06:05:16.585733,0.155,0.845,1.0
2025-12-11T06:05:17.191752,0.155,0.845,1.0
2025-12-11T06:05:17.803613,0.155,0.845,1.0
2025-12-11T06:05:18.421240,0.155,0.845,1.0
2025-12-11T06:05:19.025792,0.155,0.845,1.0
2025-12-11T06:05:19.633554,0.155,0.845,1.0
2025-12-11T06:05:20.243455,0.155,0.845,1.0
2025-12-11T06:05:20.854673,0.155,0.845,1.0
2025-12-11T06:05:21.465851,0.155,0.845,1.0
2025-12-11T06:05:22.081081,0.155,0.845,1.0
2025-12-11T06:05:22.685106,0.165,0.835,1.0
2025-12-11T06:05:23.295436,0.165,0.835,1.0
2025-12-11T06:05:23.905202,0.165,0.835,1.0
2025-12-11T06:05:24.515152,0.165,0.835,1.0
2025-12-11T06:05:25.113094,0.17,0.825,0.995
2025-12-11T06:05:25.719558,0.175,0.82,0.9949999999999999
2025-12-11T06:05:26.330194,0.185,0.815,1.0
2025-12-11T06:05:26.941519,0.185,0.815,1.0
2025-12-11T06:05:27.540275,0.185,0.815,1.0
2025-12-11T06:05:28.148268,0.185,0.815,1.0
2025-12-11T06:05:28.769766,0.185,0.815,1.0
2025-12-11T06:05:27.804905,0.175,0.825,1.0
2025-12-11T06:05:28.412595,0.165,0.835,1.0
2025-12-11T06:05:29.009957,0.165,0.835,1.0
2025-12-11T06:05:29.608449,0.165,0.835,1.0
2025-12-11T06:05:30.224426,0.165,0.835,1.0
2025-12-11T06:05:30.841352,0.165,0.835,1.0
2025-12-11T06:05:31.453542,0.165,0.835,1.0
2025-12-11T06:05:32.057355,0.165,0.835,1.0
2025-12-11T06:05:32.659566,0.165,0.835,1.0
2025-12-11T06:05:33.278670,0.165,0.835,1.0
2025-12-11T06:05:33.879552,0.165,0.835,1.0
2025-12-11T06:05:34.484653,0.155,0.845,1.0
2025-12-11T06:05:35.089789,0.155,0.845,1.0
2025-12-11T06:05:35.705066,0.155,0.845,1.0
2025-12-11T06:05:36.315361,0.155,0.845,1.0
2025-12-11T06:05:36.910638,0.155,0.845,1.0
2025-12-11T06:05:37.512994,0.155,0.845,1.0
2025-12-11T06:05:38.119459,0.155,0.845,1.0
2025-12-11T06:05:38.715463,0.155,0.845,1.0
2025-12-11T06:05:39.320886,0.155,0.845,1.0
2025-12-11T06:05:39.920686,0.155,0.845,1.0
2025-12-11T06:05:40.520975,0.155,0.845,1.0
2025-12-11T06:05:41.115973,0.155,0.845,1.0
2025-12-11T06:05:41.715016,0.155,0.845,1.0
2025-12-11T06:05:42.318391,0.155,0.845,1.0
2025-12-11T06:05:42.929140,0.145,0.855,1.0
2025-12-11T06:05:43.527980,0.145,0.855,1.0
2025-12-11T06:05:44.124630,0.145,0.855,1.0
2025-12-11T06:05:44.730046,0.14,0.865,1.005
2025-12-11T06:05:45.343406,0.13,0.875,1.005
2025-12-11T06:05:45.947584,0.125,0.875,1.0
2025-12-11T06:05:46.557930,0.125,0.875,1.0
2025-12-11T06:05:47.170037,0.125,0.875,1.0
2025-12-11T06:05:47.775036,0.125,0.875,1.0
2025-12-11T06:05:48.386833,0.125,0.875,1.0
2025-12-11T06:05:48.994751,0.125,0.875,1.0
2025-12-11T06:05:49.596950,0.125,0.875,1.0
2025-12-11T06:05:50.216846,0.125,0.875,1.0
2025-12-11T06:05:50.827156,0.125,0.875,1.0
2025-12-11T06:05:51.424475,0.125,0.875,1.0
2025-12-11T06:05:52.031244,0.125,0.875,1.0
2025-12-11T06:05:52.643842,0.125,0.875,1.0
2025-12-11T06:05:53.250778,0.125,0.875,1.0
2025-12-11T06:05:53.849707,0.125,0.875,1.0
2025-12-11T06:05:54.453498,0.125,0.875,1.0
2025-12-11T06:05:55.049298,0.115,0.885,1.0
2025-12-11T06:05:55.664731,0.115,0.885,1.0
2025-12-11T06:05:56.274137,0.115,0.885,1.0
2025-12-11T06:05:56.880432,0.115,0.885,1.0
2025-12-11T06:05:57.487849,0.115,0.885,1.0
2025-12-11T06:05:58.091163,0.115,0.885,1.0
2025-12-11T06:05:58.693840,0.115,0.885,1.0
2025-12-11T06:05:59.287352,0.115,0.885,1.0
2025-12-11T06:05:58.348340,0.115,0.885,1.0
2025-12-11T06:05:58.975507,0.115,0.885,1.0
2025-12-11T06:05:59.581301,0.115,0.885,1.0
2025-12-11T06:06:00.189429,0.115,0.885,1.0
2025-12-11T06:06:00.797853,0.115,0.885,1.0
2025-12-11T06:06:01.437490,0.11,0.895,1.0050000000000001
2025-12-11T06:06:02.053275,0.095,0.905,1.0
2025-12-11T06:06:02.678479,0.095,0.905,1.0
2025-12-11T06:06:03.293506,0.095,0.905,1.0
2025-12-11T06:06:03.902577,0.095,0.905,1.0
2025-12-11T06:06:04.511956,0.095,0.905,1.0
2025-12-11T06:06:05.123606,0.105,0.895,1.0
2025-12-11T06:06:05.731848,0.105,0.895,1.0
2025-12-11T06:06:06.324525,0.105,0.895,1.0
2025-12-11T06:06:06.925893,0.105,0.895,1.0
2025-12-11T06:06:07.525207,0.105,0.895,1.0
2025-12-11T06:06:08.140550,0.115,0.885,1.0
2025-12-11T06:06:08.742527,0.115,0.885,1.0
2025-12-11T06:06:09.352348,0.105,0.895,1.0
2025-12-11T06:06:09.966315,0.1,0.9,1.0
2025-12-11T06:06:10.567622,0.095,0.905,1.0
2025-12-11T06:06:11.186075,0.095,0.905,1.0
2025-12-11T06:06:11.798224,0.095,0.905,1.0
2025-12-11T06:06:12.416358,0.095,0.905,1.0
2025-12-11T06:06:13.042111,0.095,0.905,1.0
2025-12-11T06:06:13.643051,0.085,0.915,1.0
2025-12-11T06:06:14.256803,0.085,0.915,1.0
2025-12-11T06:06:14.868797,0.085,0.915,1.0
2025-12-11T06:06:15.470028,0.085,0.915,1.0
2025-12-11T06:06:16.095299,0.085,0.915,1.0
2025-12-11T06:06:16.688049,0.085,0.915,1.0
2025-12-11T06:06:17.301697,0.085,0.915,1.0
2025-12-11T06:06:17.946310,0.085,0.915,1.0
2025-12-11T06:06:18.561358,0.085,0.915,1.0
2025-12-11T06:06:19.177555,0.085,0.915,1.0
2025-12-11T06:06:19.787445,0.085,0.915,1.0
2025-12-11T06:06:20.399135,0.085,0.915,1.0
2025-12-11T06:06:21.014010,0.085,0.915,1.0
2025-12-11T06:06:21.631340,0.085,0.925,1.01
2025-12-11T06:06:22.244523,0.075,0.92,0.995
2025-12-11T06:06:22.843708,0.075,0.925,1.0
2025-12-11T06:06:23.458652,0.075,0.925,1.0
2025-12-11T06:06:24.060320,0.085,0.915,1.0
2025-12-11T06:06:24.686269,0.085,0.915,1.0
2025-12-11T06:06:25.301973,0.075,0.925,1.0
2025-12-11T06:06:25.905113,0.075,0.925,1.0
2025-12-11T06:06:26.517882,0.075,0.925,1.0
2025-12-11T06:06:27.130702,0.075,0.925,1.0
2025-12-11T06:06:27.737633,0.075,0.925,1.0
2025-12-11T06:06:28.343552,0.075,0.925,1.0
2025-12-11T06:06:28.944013,0.075,0.925,1.0
2025-12-11T06:06:29.558934,0.075,0.925,1.0
2025-12-11T06:06:30.170813,0.075,0.925,1.0
2025-12-11T06:06:29.233139,0.075,0.925,1.0
2025-12-11T06:06:29.836235,0.075,0.925,1.0
2025-12-11T06:06:30.441764,0.075,0.925,1.0
2025-12-11T06:06:31.047345,0.075,0.925,1.0
2025-12-11T06:06:31.643157,0.075,0.925,1.0
2025-12-11T06:06:32.245951,0.075,0.925,1.0
2025-12-11T06:06:32.849285,0.075,0.925,1.0
2025-12-11T06:06:33.456006,0.075,0.925,1.0
2025-12-11T06:06:34.064284,0.075,0.925,1.0
2025-12-11T06:06:34.662489,0.075,0.925,1.0
2025-12-11T06:06:35.262712,0.075,0.925,1.0
2025-12-11T06:06:35.896982,0.075,0.925,1.0
2025-12-11T06:06:36.502003,0.075,0.925,1.0
2025-12-11T06:06:37.111100,0.075,0.925,1.0
2025-12-11T06:06:37.714497,0.075,0.925,1.0
2025-12-11T06:06:38.305553,0.075,0.925,1.0
2025-12-11T06:06:38.906167,0.075,0.925,1.0
2025-12-11T06:06:39.514014,0.075,0.925,1.0
2025-12-11T06:06:40.115257,0.075,0.925,1.0
2025-12-11T06:06:40.721674,0.075,0.925,1.0
2025-12-11T06:06:41.330147,0.075,0.925,1.0
2025-12-11T06:06:41.938543,0.085,0.915,1.0
2025-12-11T06:06:42.553375,0.095,0.905,1.0
2025-12-11T06:06:43.147057,0.105,0.895,1.0
2025-12-11T06:06:43.748864,0.105,0.895,1.0
2025-12-11T06:06:44.353905,0.105,0.895,1.0
2025-12-11T06:06:44.967582,0.105,0.895,1.0
2025-12-11T06:06:45.566002,0.105,0.895,1.0
2025-12-11T06:06:46.177579,0.105,0.895,1.0
2025-12-11T06:06:46.777228,0.105,0.895,1.0
2025-12-11T06:06:47.383882,0.1,0.895,0.995
2025-12-11T06:06:47.989824,0.105,0.895,1.0
2025-12-11T06:06:48.596010,0.105,0.895,1.0
2025-12-11T06:06:49.202141,0.105,0.895,1.0
2025-12-11T06:06:49.810389,0.105,0.895,1.0
2025-12-11T06:06:50.426220,0.105,0.895,1.0
2025-12-11T06:06:51.032101,0.105,0.895,1.0
2025-12-11T06:06:51.637556,0.105,0.895,1.0
2025-12-11T06:06:52.242871,0.095,0.905,1.0
2025-12-11T06:06:52.842716,0.1,0.9,1.0
2025-12-11T06:06:53.464594,0.1,0.9,1.0
2025-12-11T06:06:54.066881,0.1,0.9,1.0
2025-12-11T06:06:54.669243,0.1,0.9,1.0
2025-12-11T06:06:55.273893,0.1,0.9,1.0
2025-12-11T06:06:55.878255,0.1,0.9,1.0
2025-12-11T06:06:56.479673,0.1,0.9,1.0
2025-12-11T06:06:57.083555,0.1,0.9,1.0
2025-12-11T06:06:57.686817,0.1,0.9,1.0
2025-12-11T06:06:58.289716,0.1,0.9,1.0
2025-12-11T06:06:58.884304,0.1,0.9,1.0
2025-12-11T06:06:59.489321,0.105,0.895,1.0
2025-12-11T06:07:00.087985,0.105,0.895,1.0
2025-12-11T06:07:00.690706,0.105,0.895,1.0
2025-12-11T06:06:59.735890,0.105,0.895,1.0
2025-12-11T06:07:00.334282,0.105,0.895,1.0
2025-12-11T06:07:00.943137,0.105,0.895,1.0
2025-12-11T06:07:01.543825,0.105,0.895,1.0
2025-12-11T06:07:02.154113,0.115,0.885,1.0
2025-12-11T06:07:02.760790,0.115,0.885,1.0
2025-12-11T06:07:03.368180,0.115,0.885,1.0
2025-12-11T06:07:03.969681,0.115,0.885,1.0
2025-12-11T06:07:04.581519,0.125,0.875,1.0
2025-12-11T06:07:05.185146,0.12,0.88,1.0
2025-12-11T06:07:05.791724,0.115,0.885,1.0
2025-12-11T06:07:06.394738,0.115,0.885,1.0
2025-12-11T06:07:07.015655,0.115,0.885,1.0
2025-12-11T06:07:07.611255,0.115,0.885,1.0
2025-12-11T06:07:08.218952,0.115,0.885,1.0
2025-12-11T06:07:08.828261,0.12,0.88,1.0
2025-12-11T06:07:09.428632,0.105,0.895,1.0
2025-12-11T06:07:10.034589,0.105,0.895,1.0
2025-12-11T06:07:10.648331,0.105,0.895,1.0
2025-12-11T06:07:11.257980,0.105,0.895,1.0
2025-12-11T06:07:11.864983,0.105,0.895,1.0
2025-12-11T06:07:12.467361,0.105,0.895,1.0
2025-12-11T06:07:13.073464,0.105,0.895,1.0
2025-12-11T06:07:13.669013,0.105,0.895,1.0
2025-12-11T06:07:14.274586,0.095,0.905,1.0
2025-12-11T06:07:14.881690,0.095,0.905,1.0
2025-12-11T06:07:15.485286,0.095,0.905,1.0
2025-12-11T06:07:16.091612,0.105,0.895,1.0
2025-12-11T06:07:16.691482,0.105,0.895,1.0
2025-12-11T06:07:17.290959,0.105,0.895,1.0
2025-12-11T06:07:17.888548,0.105,0.895,1.0
2025-12-11T06:07:18.481939,0.105,0.895,1.0
2025-12-11T06:07:19.080393,0.105,0.895,1.0
2025-12-11T06:07:19.686678,0.105,0.895,1.0
2025-12-11T06:07:20.288705,0.105,0.895,1.0
2025-12-11T06:07:20.892157,0.105,0.895,1.0
2025-12-11T06:07:21.497395,0.105,0.895,1.0
2025-12-11T06:07:22.100557,0.105,0.895,1.0
2025-12-11T06:07:22.699245,0.105,0.895,1.0
2025-12-11T06:07:23.323656,0.105,0.895,1.0
2025-12-11T06:07:23.926377,0.105,0.895,1.0
2025-12-11T06:07:24.540705,0.105,0.895,1.0
2025-12-11T06:07:25.151513,0.105,0.895,1.0
2025-12-11T06:07:25.757170,0.105,0.895,1.0
2025-12-11T06:07:26.355440,0.105,0.895,1.0
2025-12-11T06:07:26.956753,0.105,0.895,1.0
2025-12-11T06:07:27.552959,0.105,0.895,1.0
2025-12-11T06:07:28.159741,0.095,0.905,1.0
2025-12-11T06:07:28.760162,0.095,0.905,1.0
2025-12-11T06:07:29.355629,0.095,0.905,1.0
2025-12-11T06:07:29.958828,0.095,0.905,1.0
2025-12-11T06:07:30.564843,0.095,0.905,1.0
2025-12-11T06:07:31.168511,0.095,0.905,1.0
2025-12-11T06:07:30.214446,0.095,0.905,1.0
2025-12-11T06:07:30.821185,0.095,0.905,1.0
2025-12-11T06:07:31.421554,0.095,0.905,1.0
2025-12-11T06:07:32.012526,0.095,0.905,1.0
2025-12-11T06:07:32.613015,0.095,0.905,1.0
2025-12-11T06:07:33.204717,0.095,0.905,1.0
2025-12-11T06:07:33.806029,0.095,0.905,1.0
2025-12-11T06:07:34.413828,0.095,0.905,1.0
2025-12-11T06:07:35.023919,0.095,0.905,1.0
2025-12-11T06:07:35.632172,0.095,0.905,1.0
2025-12-11T06:07:36.300682,0.095,0.905,1.0
2025-12-11T06:07:36.904217,0.095,0.905,1.0
2025-12-11T06:07:37.506184,0.095,0.905,1.0
2025-12-11T06:07:38.112141,0.095,0.905,1.0
2025-12-11T06:07:38.711616,0.095,0.905,1.0
2025-12-11T06:07:39.321249,0.095,0.905,1.0
2025-12-11T06:07:39.916025,0.095,0.905,1.0
2025-12-11T06:07:40.552008,0.105,0.895,1.0
2025-12-11T06:07:41.154811,0.105,0.895,1.0
2025-12-11T06:07:41.757653,0.105,0.895,1.0
2025-12-11T06:07:42.373263,0.105,0.895,1.0
2025-12-11T06:07:42.973838,0.105,0.895,1.0
2025-12-11T06:07:43.578011,0.105,0.895,1.0
2025-12-11T06:07:44.189367,0.105,0.895,1.0
2025-12-11T06:07:44.791898,0.105,0.895,1.0
2025-12-11T06:07:45.394433,0.105,0.895,1.0
2025-12-11T06:07:46.038615,0.105,0.905,1.01
2025-12-11T06:07:46.643533,0.095,0.905,1.0
2025-12-11T06:07:47.243202,0.095,0.905,1.0
2025-12-11T06:07:47.847032,0.095,0.905,1.0
2025-12-11T06:07:48.442368,0.095,0.905,1.0
2025-12-11T06:07:49.042422,0.095,0.905,1.0
2025-12-11T06:07:49.656172,0.095,0.905,1.0
2025-12-11T06:07:50.263983,0.085,0.915,1.0
2025-12-11T06:07:50.883485,0.085,0.915,1.0
2025-12-11T06:07:51.485961,0.085,0.915,1.0
2025-12-11T06:07:52.091463,0.085,0.915,1.0
2025-12-11T06:07:52.705000,0.085,0.915,1.0
2025-12-11T06:07:53.306106,0.085,0.915,1.0
2025-12-11T06:07:53.912294,0.085,0.915,1.0
2025-12-11T06:07:54.521955,0.085,0.915,1.0
2025-12-11T06:07:55.125562,0.085,0.915,1.0
2025-12-11T06:07:55.727409,0.085,0.915,1.0
2025-12-11T06:07:56.337368,0.085,0.915,1.0
2025-12-11T06:07:56.950801,0.085,0.915,1.0
2025-12-11T06:07:57.561331,0.085,0.915,1.0
2025-12-11T06:07:58.154683,0.085,0.915,1.0
2025-12-11T06:07:58.767184,0.085,0.915,1.0
2025-12-11T06:07:59.382941,0.08,0.92,1.0
2025-12-11T06:07:59.993437,0.08,0.92,1.0
2025-12-11T06:08:00.624582,0.08,0.92,1.0
2025-12-11T06:08:01.234916,0.08,0.915,0.995
2025-12-11T06:08:01.838832,0.085,0.915,1.0
2025-12-11T06:08:00.869673,0.085,0.915,1.0
2025-12-11T06:08:01.464953,0.075,0.925,1.0
2025-12-11T06:08:02.071946,0.075,0.925,1.0
2025-12-11T06:08:02.664616,0.075,0.925,1.0
2025-12-11T06:08:03.263772,0.075,0.925,1.0
2025-12-11T06:08:03.863296,0.075,0.92,0.995
2025-12-11T06:08:04.463287,0.085,0.92,1.0050000000000001
2025-12-11T06:08:05.060541,0.085,0.915,1.0
2025-12-11T06:08:05.653477,0.07,0.93,1.0
2025-12-11T06:08:06.260168,0.07,0.93,1.0
2025-12-11T06:08:06.865944,0.075,0.925,1.0
2025-12-11T06:08:07.473911,0.075,0.925,1.0
2025-12-11T06:08:08.080917,0.075,0.925,1.0
2025-12-11T06:08:08.691681,0.065,0.935,1.0
2025-12-11T06:08:09.289645,0.065,0.935,1.0
2025-12-11T06:08:09.902721,0.065,0.935,1.0
2025-12-11T06:08:10.513581,0.055,0.945,1.0
2025-12-11T06:08:11.122529,0.055,0.94,0.995
2025-12-11T06:08:11.729483,0.065,0.935,1.0
2025-12-11T06:08:12.326000,0.055,0.945,1.0
2025-12-11T06:08:12.930502,0.055,0.945,1.0
2025-12-11T06:08:13.534418,0.055,0.945,1.0
2025-12-11T06:08:14.148270,0.055,0.945,1.0
2025-12-11T06:08:14.756709,0.055,0.945,1.0
2025-12-11T06:08:15.356730,0.055,0.945,1.0
2025-12-11T06:08:15.997763,0.055,0.945,1.0
2025-12-11T06:08:16.606762,0.055,0.945,1.0
2025-12-11T06:08:17.210779,0.055,0.945,1.0
2025-12-11T06:08:17.812567,0.055,0.945,1.0
2025-12-11T06:08:18.412990,0.055,0.945,1.0
2025-12-11T06:08:19.018163,0.055,0.945,1.0
2025-12-11T06:08:19.615754,0.055,0.945,1.0
2025-12-11T06:08:20.221602,0.055,0.945,1.0
2025-12-11T06:08:20.818445,0.055,0.945,1.0
2025-12-11T06:08:21.416860,0.055,0.95,1.005
2025-12-11T06:08:22.030575,0.045,0.955,1.0
2025-12-11T06:08:22.627649,0.055,0.945,1.0
2025-12-11T06:08:23.233884,0.055,0.945,1.0
2025-12-11T06:08:23.844681,0.055,0.945,1.0
2025-12-11T06:08:24.442203,0.055,0.945,1.0
2025-12-11T06:08:25.041605,0.055,0.945,1.0
2025-12-11T06:08:25.636223,0.055,0.945,1.0
2025-12-11T06:08:26.242561,0.055,0.945,1.0
2025-12-11T06:08:26.843659,0.055,0.945,1.0
2025-12-11T06:08:27.446327,0.055,0.945,1.0
2025-12-11T06:08:28.041170,0.055,0.945,1.0
2025-12-11T06:08:28.636816,0.055,0.945,1.0
2025-12-11T06:08:29.234769,0.055,0.945,1.0
2025-12-11T06:08:29.842565,0.055,0.945,1.0
2025-12-11T06:08:30.445049,0.055,0.945,1.0
2025-12-11T06:08:31.062233,0.055,0.945,1.0
2025-12-11T06:08:31.660713,0.055,0.945,1.0
2025-12-11T06:08:32.259663,0.055,0.945,1.0
2025-12-11T06:08:32.861737,0.055,0.945,1.0
2025-12-11T06:08:31.879254,0.055,0.945,1.0
2025-12-11T06:08:32.472299,0.055,0.945,1.0
2025-12-11T06:08:33.070003,0.055,0.945,1.0
2025-12-11T06:08:33.670032,0.055,0.945,1.0
2025-12-11T06:08:34.272363,0.055,0.945,1.0
2025-12-11T06:08:34.870472,0.055,0.945,1.0
2025-12-11T06:08:35.469737,0.055,0.945,1.0
2025-12-11T06:08:36.070261,0.055,0.945,1.0
2025-12-11T06:08:36.672323,0.055,0.945,1.0
2025-12-11T06:08:37.276978,0.055,0.945,1.0
2025-12-11T06:08:37.874120,0.055,0.945,1.0
2025-12-11T06:08:38.498841,0.055,0.945,1.0
2025-12-11T06:08:39.098884,0.055,0.945,1.0
2025-12-11T06:08:39.716836,0.055,0.945,1.0
2025-12-11T06:08:40.322732,0.055,0.945,1.0
2025-12-11T06:08:40.927082,0.055,0.945,1.0
2025-12-11T06:08:41.538735,0.055,0.945,1.0
2025-12-11T06:08:42.139375,0.055,0.945,1.0
2025-12-11T06:08:42.740738,0.055,0.95,1.005
2025-12-11T06:08:43.348420,0.045,0.955,1.0
2025-12-11T06:08:43.939757,0.045,0.955,1.0
2025-12-11T06:08:44.551759,0.045,0.955,1.0
2025-12-11T06:08:45.152067,0.045,0.955,1.0
2025-12-11T06:08:45.759292,0.04,0.96,1.0
2025-12-11T06:08:46.386732,0.045,0.955,1.0
2025-12-11T06:08:46.995524,0.045,0.955,1.0
2025-12-11T06:08:47.604157,0.045,0.955,1.0
2025-12-11T06:08:48.208117,0.045,0.955,1.0
2025-12-11T06:08:48.812962,0.045,0.955,1.0
2025-12-11T06:08:49.418390,0.045,0.955,1.0
2025-12-11T06:08:50.024468,0.045,0.955,1.0
2025-12-11T06:08:50.629182,0.045,0.955,1.0
2025-12-11T06:08:51.227317,0.045,0.955,1.0
2025-12-11T06:08:51.833336,0.035,0.965,1.0
2025-12-11T06:08:52.439258,0.035,0.965,1.0
2025-12-11T06:08:53.036047,0.035,0.965,1.0
2025-12-11T06:08:53.627077,0.035,0.965,1.0
2025-12-11T06:08:54.228272,0.035,0.965,1.0
2025-12-11T06:08:54.839498,0.035,0.965,1.0
2025-12-11T06:08:55.437435,0.035,0.965,1.0
2025-12-11T06:08:56.050750,0.035,0.965,1.0
2025-12-11T06:08:56.664344,0.035,0.965,1.0
2025-12-11T06:08:57.301906,0.035,0.965,1.0
2025-12-11T06:08:57.910708,0.035,0.965,1.0
2025-12-11T06:08:58.525048,0.035,0.965,1.0
2025-12-11T06:08:59.139751,0.035,0.965,1.0
2025-12-11T06:08:59.739774,0.035,0.965,1.0
2025-12-11T06:09:00.358322,0.035,0.965,1.0
2025-12-11T06:09:00.973853,0.035,0.965,1.0
2025-12-11T06:09:01.588374,0.035,0.965,1.0
2025-12-11T06:09:02.203624,0.045,0.955,1.0
2025-12-11T06:09:02.814712,0.055,0.945,1.0
2025-12-11T06:09:03.426323,0.055,0.945,1.0
2025-12-11T06:09:02.477973,0.065,0.935,1.0
2025-12-11T06:09:03.091250,0.075,0.925,1.0
2025-12-11T06:09:03.692539,0.075,0.925,1.0
2025-12-11T06:09:04.290346,0.075,0.925,1.0
2025-12-11T06:09:04.897868,0.075,0.925,1.0
2025-12-11T06:09:05.522643,0.075,0.925,1.0
2025-12-11T06:09:06.129543,0.075,0.925,1.0
2025-12-11T06:09:06.733719,0.075,0.925,1.0
2025-12-11T06:09:07.346023,0.075,0.925,1.0
2025-12-11T06:09:07.982856,0.075,0.935,1.01
2025-12-11T06:09:08.603560,0.065,0.945,1.01
2025-12-11T06:09:09.213631,0.055,0.945,1.0
2025-12-11T06:09:09.826718,0.055,0.945,1.0
2025-12-11T06:09:10.438073,0.055,0.945,1.0
2025-12-11T06:09:11.061018,0.055,0.945,1.0
2025-12-11T06:09:11.656078,0.055,0.945,1.0
2025-12-11T06:09:12.270321,0.045,0.955,1.0
2025-12-11T06:09:12.878410,0.045,0.955,1.0
2025-12-11T06:09:13.491933,0.045,0.955,1.0
2025-12-11T06:09:14.085404,0.045,0.955,1.0
2025-12-11T06:09:14.674901,0.035,0.965,1.0
2025-12-11T06:09:15.307973,0.035,0.965,1.0
2025-12-11T06:09:15.917572,0.04,0.96,1.0
2025-12-11T06:09:16.527347,0.045,0.955,1.0
2025-12-11T06:09:17.142115,0.05,0.945,0.995
2025-12-11T06:09:17.750869,0.055,0.945,1.0
2025-12-11T06:09:18.355868,0.055,0.945,1.0
2025-12-11T06:09:18.957691,0.055,0.945,1.0
2025-12-11T06:09:19.571232,0.05,0.95,1.0
2025-12-11T06:09:20.186652,0.045,0.955,1.0
2025-12-11T06:09:20.795102,0.055,0.945,1.0
2025-12-11T06:09:21.400605,0.055,0.945,1.0
2025-12-11T06:09:22.002545,0.055,0.945,1.0
2025-12-11T06:09:22.613038,0.055,0.945,1.0
2025-12-11T06:09:23.218806,0.055,0.945,1.0
2025-12-11T06:09:23.852389,0.055,0.945,1.0
2025-12-11T06:09:24.457854,0.055,0.945,1.0
2025-12-11T06:09:25.075994,0.055,0.95,1.005
2025-12-11T06:09:25.688243,0.05,0.95,1.0
2025-12-11T06:09:26.293953,0.05,0.95,1.0
2025-12-11T06:09:26.909135,0.045,0.955,1.0
2025-12-11T06:09:27.520056,0.045,0.955,1.0
2025-12-11T06:09:28.129209,0.045,0.955,1.0
2025-12-11T06:09:28.740381,0.05,0.945,0.995
2025-12-11T06:09:29.354363,0.055,0.945,1.0
2025-12-11T06:09:29.948209,0.055,0.945,1.0
2025-12-11T06:09:30.553265,0.055,0.945,1.0
2025-12-11T06:09:31.175945,0.055,0.945,1.0
2025-12-11T06:09:31.786573,0.055,0.945,1.0
2025-12-11T06:09:32.394623,0.055,0.945,1.0
2025-12-11T06:09:33.006761,0.055,0.945,1.0
2025-12-11T06:09:33.613735,0.05,0.95,1.0
2025-12-11T06:09:34.217090,0.05,0.95,1.0
2025-12-11T06:09:33.261268,0.05,0.95,1.0
2025-12-11T06:09:33.869881,0.045,0.955,1.0
2025-12-11T06:09:34.494002,0.045,0.955,1.0
2025-12-11T06:09:35.103815,0.045,0.955,1.0
2025-12-11T06:09:35.712480,0.045,0.955,1.0
2025-12-11T06:09:36.315706,0.045,0.955,1.0
2025-12-11T06:09:36.916980,0.045,0.955,1.0
2025-12-11T06:09:37.583436,0.045,0.955,1.0
2025-12-11T06:09:38.175988,0.045,0.955,1.0
2025-12-11T06:09:38.784893,0.055,0.945,1.0
2025-12-11T06:09:39.394585,0.055,0.95,1.005
2025-12-11T06:09:40.019580,0.05,0.95,1.0
2025-12-11T06:09:40.619492,0.045,0.955,1.0
2025-12-11T06:09:41.209451,0.045,0.955,1.0
2025-12-11T06:09:41.826737,0.045,0.955,1.0
2025-12-11T06:09:42.438927,0.045,0.955,1.0
2025-12-11T06:09:43.049506,0.045,0.955,1.0
2025-12-11T06:09:43.670471,0.045,0.955,1.0
2025-12-11T06:09:44.266974,0.045,0.955,1.0
2025-12-11T06:09:44.879989,0.045,0.955,1.0
2025-12-11T06:09:45.485064,0.045,0.955,1.0
2025-12-11T06:09:46.094005,0.045,0.955,1.0
2025-12-11T06:09:46.711050,0.045,0.955,1.0
2025-12-11T06:09:47.308897,0.045,0.955,1.0
2025-12-11T06:09:47.922882,0.045,0.955,1.0
2025-12-11T06:09:48.521773,0.045,0.955,1.0
2025-12-11T06:09:49.131207,0.045,0.955,1.0
2025-12-11T06:09:49.741293,0.045,0.955,1.0
2025-12-11T06:09:50.342175,0.045,0.955,1.0
2025-12-11T06:09:50.949213,0.045,0.955,1.0
2025-12-11T06:09:51.561677,0.045,0.955,1.0
2025-12-11T06:09:52.168170,0.045,0.955,1.0
2025-12-11T06:09:52.767620,0.045,0.955,1.0
2025-12-11T06:09:53.374851,0.045,0.955,1.0
2025-12-11T06:09:53.983727,0.045,0.955,1.0
2025-12-11T06:09:54.591317,0.045,0.955,1.0
2025-12-11T06:09:55.202868,0.045,0.955,1.0
2025-12-11T06:09:55.814653,0.045,0.955,1.0
2025-12-11T06:09:56.421731,0.045,0.955,1.0
2025-12-11T06:09:57.024919,0.045,0.955,1.0
2025-12-11T06:09:57.632256,0.045,0.955,1.0
2025-12-11T06:09:58.244952,0.045,0.955,1.0
2025-12-11T06:09:58.853852,0.045,0.955,1.0
2025-12-11T06:09:59.467360,0.045,0.955,1.0
2025-12-11T06:10:00.091173,0.035,0.975,1.01
2025-12-11T06:10:00.700790,0.025,0.975,1.0
2025-12-11T06:10:01.305467,0.025,0.975,1.0
2025-12-11T06:10:01.953074,0.025,0.975,1.0
2025-12-11T06:10:02.565261,0.025,0.975,1.0
2025-12-11T06:10:03.171377,0.025,0.975,1.0
2025-12-11T06:10:03.776972,0.025,0.975,1.0
2025-12-11T06:10:04.409174,0.025,0.975,1.0
2025-12-11T06:10:05.025627,0.025,0.975,1.0
2025-12-11T06:10:04.086864,0.02,0.98,1.0
2025-12-11T06:10:04.695403,0.015,0.985,1.0
2025-12-11T06:10:05.306624,0.015,0.985,1.0
2025-12-11T06:10:05.911951,0.015,0.985,1.0
2025-12-11T06:10:06.506928,0.015,0.985,1.0
2025-12-11T06:10:07.106921,0.015,0.985,1.0
2025-12-11T06:10:07.715580,0.015,0.985,1.0
2025-12-11T06:10:08.328370,0.015,0.985,1.0
2025-12-11T06:10:08.939764,0.015,0.985,1.0
2025-12-11T06:10:09.597045,0.02,0.98,1.0
2025-12-11T06:10:10.212539,0.015,0.985,1.0
2025-12-11T06:10:10.818442,0.015,0.985,1.0
2025-12-11T06:10:11.418840,0.015,0.985,1.0
2025-12-11T06:10:12.017193,0.015,0.985,1.0
2025-12-11T06:10:12.624505,0.015,0.985,1.0
2025-12-11T06:10:13.230862,0.015,0.985,1.0
2025-12-11T06:10:13.839615,0.025,0.975,1.0
2025-12-11T06:10:14.440212,0.025,0.975,1.0
2025-12-11T06:10:15.036123,0.025,0.975,1.0
2025-12-11T06:10:15.648805,0.025,0.98,1.005
2025-12-11T06:10:16.243888,0.015,0.985,1.0
2025-12-11T06:10:16.858055,0.015,0.985,1.0
2025-12-11T06:10:17.457185,0.015,0.985,1.0
2025-12-11T06:10:18.069795,0.015,0.985,1.0
2025-12-11T06:10:18.698653,0.015,0.985,1.0
2025-12-11T06:10:19.326395,0.02,0.98,1.0
2025-12-11T06:10:19.938616,0.015,0.985,1.0
2025-12-11T06:10:20.549165,0.015,0.985,1.0
2025-12-11T06:10:21.156938,0.015,0.985,1.0
2025-12-11T06:10:21.756945,0.015,0.985,1.0
2025-12-11T06:10:22.356634,0.015,0.985,1.0
2025-12-11T06:10:22.948926,0.015,0.985,1.0
2025-12-11T06:10:23.551198,0.015,0.985,1.0
2025-12-11T06:10:24.238090,0.015,0.985,1.0
2025-12-11T06:10:24.850409,0.015,0.985,1.0
2025-12-11T06:10:25.469108,0.015,0.985,1.0
2025-12-11T06:10:26.095388,0.015,0.985,1.0
2025-12-11T06:10:26.699810,0.015,0.985,1.0
2025-12-11T06:10:27.310147,0.015,0.985,1.0
2025-12-11T06:10:27.924644,0.015,0.985,1.0
2025-12-11T06:10:28.550464,0.015,0.985,1.0
2025-12-11T06:10:29.148142,0.015,0.985,1.0
2025-12-11T06:10:29.759007,0.015,0.985,1.0
2025-12-11T06:10:30.369402,0.015,0.985,1.0
2025-12-11T06:10:30.962578,0.015,0.985,1.0
2025-12-11T06:10:31.582066,0.015,0.985,1.0
2025-12-11T06:10:32.178824,0.015,0.985,1.0
2025-12-11T06:10:32.784798,0.015,0.985,1.0
2025-12-11T06:10:33.399547,0.015,0.985,1.0
2025-12-11T06:10:34.009740,0.015,0.985,1.0
2025-12-11T06:10:34.619847,0.015,0.985,1.0
2025-12-11T06:10:35.230458,0.015,0.985,1.0
2025-12-11T06:10:35.837902,0.015,0.985,1.0
2025-12-11T06:10:34.892256,0.015,0.985,1.0
2025-12-11T06:10:35.491825,0.015,0.985,1.0
2025-12-11T06:10:36.107231,0.015,0.985,1.0
2025-12-11T06:10:36.716162,0.015,0.985,1.0
2025-12-11T06:10:37.323750,0.015,0.985,1.0
2025-12-11T06:10:37.927736,0.015,0.985,1.0
2025-12-11T06:10:38.538023,0.015,0.985,1.0
2025-12-11T06:10:39.159520,0.015,0.985,1.0
2025-12-11T06:10:39.767861,0.015,0.985,1.0
2025-12-11T06:10:40.382238,0.015,0.985,1.0
2025-12-11T06:10:40.994671,0.015,0.985,1.0
2025-12-11T06:10:41.598993,0.015,0.985,1.0
2025-12-11T06:10:42.201986,0.015,0.985,1.0
2025-12-11T06:10:42.813614,0.015,0.985,1.0
2025-12-11T06:10:43.431533,0.015,0.985,1.0
2025-12-11T06:10:44.029876,0.015,0.985,1.0
2025-12-11T06:10:44.622026,0.015,0.985,1.0
2025-12-11T06:10:45.218500,0.015,0.985,1.0
2025-12-11T06:10:45.820509,0.005,0.995,1.0
2025-12-11T06:10:46.424292,0.005,0.995,1.0
2025-12-11T06:10:47.024311,0.005,0.995,1.0
2025-12-11T06:10:47.625383,0.005,0.995,1.0
2025-12-11T06:10:48.253458,0.005,0.995,1.0
2025-12-11T06:10:48.873577,0.005,0.995,1.0
2025-12-11T06:10:49.471726,0.005,0.995,1.0
2025-12-11T06:10:50.077853,0.005,0.995,1.0
2025-12-11T06:10:50.679911,0.005,0.995,1.0
2025-12-11T06:10:51.293006,0.005,0.995,1.0
2025-12-11T06:10:51.899385,0.005,0.995,1.0
2025-12-11T06:10:52.495405,0.005,0.995,1.0
2025-12-11T06:10:53.101606,0.005,0.995,1.0
2025-12-11T06:10:53.711463,0.005,0.995,1.0
2025-12-11T06:10:54.314565,0.005,0.995,1.0
2025-12-11T06:10:54.932132,0.005,0.995,1.0
2025-12-11T06:10:55.549105,0.005,0.995,1.0
2025-12-11T06:10:56.153943,0.005,0.995,1.0
2025-12-11T06:10:56.760980,0.005,0.995,1.0
2025-12-11T06:10:57.631602,0.015,0.985,1.0
2025-12-11T06:10:58.324304,0.015,0.985,1.0
2025-12-11T06:10:58.928560,0.015,0.985,1.0
2025-12-11T06:10:59.535221,0.015,0.985,1.0
2025-12-11T06:11:00.141001,0.015,0.985,1.0
2025-12-11T06:11:00.748345,0.015,0.985,1.0
2025-12-11T06:11:01.359314,0.015,0.985,1.0
2025-12-11T06:11:01.964269,0.015,0.985,1.0
2025-12-11T06:11:02.567544,0.015,0.985,1.0
2025-12-11T06:11:03.162498,0.005,0.995,1.0
2025-12-11T06:11:03.769587,0.005,0.995,1.0
2025-12-11T06:11:04.393867,0.005,0.995,1.0
2025-12-11T06:11:05.005151,0.005,0.995,1.0
2025-12-11T06:11:05.600771,0.005,0.995,1.0
2025-12-11T06:11:06.203662,0.005,0.995,1.0
2025-12-11T06:11:05.257181,0.005,0.995,1.0
2025-12-11T06:11:05.857998,0.005,0.995,1.0
2025-12-11T06:11:06.455848,0.005,0.995,1.0
2025-12-11T06:11:07.051837,0.005,0.995,1.0
2025-12-11T06:11:07.656300,0.005,0.995,1.0
2025-12-11T06:11:08.267442,0.005,0.995,1.0
2025-12-11T06:11:08.880684,0.005,0.995,1.0
2025-12-11T06:11:09.492023,0.005,0.995,1.0
2025-12-11T06:11:10.085327,0.005,0.995,1.0
2025-12-11T06:11:10.688551,0.005,0.995,1.0
2025-12-11T06:11:11.295801,0.005,0.995,1.0
2025-12-11T06:11:11.896019,0.005,0.995,1.0
2025-12-11T06:11:12.508953,0.005,0.995,1.0
2025-12-11T06:11:13.138876,0.005,0.995,1.0
2025-12-11T06:11:13.743421,0.005,0.995,1.0
2025-12-11T06:11:14.360895,0.005,0.995,1.0
2025-12-11T06:11:14.965295,0.005,0.995,1.0
2025-12-11T06:11:15.567803,0.005,0.995,1.0
2025-12-11T06:11:16.166013,0.005,0.995,1.0
2025-12-11T06:11:16.766496,0.005,0.995,1.0
2025-12-11T06:11:17.414291,0.005,0.995,1.0
2025-12-11T06:11:18.009922,0.005,0.995,1.0
2025-12-11T06:11:18.615521,0.005,0.995,1.0
2025-12-11T06:11:19.213071,0.005,0.995,1.0
2025-12-11T06:11:19.822730,0.005,0.995,1.0
2025-12-11T06:11:20.436512,0.005,0.995,1.0
2025-12-11T06:11:21.032043,0.005,0.995,1.0
2025-12-11T06:11:21.631416,0.005,0.995,1.0
2025-12-11T06:11:22.233188,0.005,0.995,1.0
2025-12-11T06:11:22.836294,0.005,0.995,1.0
2025-12-11T06:11:23.432838,0.005,0.995,1.0
2025-12-11T06:11:24.031387,0.005,0.995,1.0
2025-12-11T06:11:24.630522,0.005,0.995,1.0
2025-12-11T06:11:25.227098,0.005,0.995,1.0
2025-12-11T06:11:25.826147,0.005,0.995,1.0
2025-12-11T06:11:26.431338,0.005,0.995,1.0
2025-12-11T06:11:27.084524,0.005,0.995,1.0
2025-12-11T06:11:27.704066,0.005,0.995,1.0
2025-12-11T06:11:28.307740,0.005,0.995,1.0
2025-12-11T06:11:28.917753,0.005,0.995,1.0
2025-12-11T06:11:29.523783,0.005,0.995,1.0
2025-12-11T06:11:30.117142,0.005,0.995,1.0
2025-12-11T06:11:30.724354,0.005,0.995,1.0
2025-12-11T06:11:31.325054,0.005,0.995,1.0
2025-12-11T06:11:31.926728,0.005,0.995,1.0
2025-12-11T06:11:32.534627,0.005,0.995,1.0
2025-12-11T06:11:33.128710,0.005,0.995,1.0
2025-12-11T06:11:33.724557,0.005,0.995,1.0
2025-12-11T06:11:34.320261,0.005,0.995,1.0
2025-12-11T06:11:34.930092,0.005,0.995,1.0
2025-12-11T06:11:35.536750,0.005,0.995,1.0
2025-12-11T06:11:36.141983,0.005,0.995,1.0
2025-12-11T06:11:36.750876,0.005,0.995,1.0
2025-12-11T06:11:35.787944,0.005,0.995,1.0
2025-12-11T06:11:36.397933,0.005,0.995,1.0
2025-12-11T06:11:36.997830,0.005,0.995,1.0
2025-12-11T06:11:37.596324,0.005,0.995,1.0
2025-12-11T06:11:38.194265,0.005,0.995,1.0
2025-12-11T06:11:38.791837,0.005,0.995,1.0
2025-12-11T06:11:39.396381,0.005,0.995,1.0
2025-12-11T06:11:39.996199,0.005,0.995,1.0
2025-12-11T06:11:40.587383,0.005,0.995,1.0
2025-12-11T06:11:41.189476,0.005,0.995,1.0
2025-12-11T06:11:41.795719,0.005,0.995,1.0
2025-12-11T06:11:42.419238,0.005,0.995,1.0
2025-12-11T06:11:43.018724,0.005,0.995,1.0
2025-12-11T06:11:43.617171,0.005,0.995,1.0
2025-12-11T06:11:44.215452,0.005,0.995,1.0
2025-12-11T06:11:44.812502,0.005,0.995,1.0
2025-12-11T06:11:45.411011,0.005,0.995,1.0
2025-12-11T06:11:46.015795,0.005,0.995,1.0
2025-12-11T06:11:46.619193,0.005,0.995,1.0
2025-12-11T06:11:47.218361,0.005,0.995,1.0
2025-12-11T06:11:47.837779,0.005,0.995,1.0
2025-12-11T06:11:48.436811,0.005,0.995,1.0
2025-12-11T06:11:49.039100,0.005,0.995,1.0
2025-12-11T06:11:49.641756,0.005,0.995,1.0
2025-12-11T06:11:50.240146,0.005,0.995,1.0
2025-12-11T06:11:50.841445,0.005,0.995,1.0
2025-12-11T06:11:51.474937,0.005,0.995,1.0
2025-12-11T06:11:52.080589,0.005,0.995,1.0
2025-12-11T06:11:52.710719,0.005,0.995,1.0
2025-12-11T06:11:53.318758,0.0015,0.9985,1.0
2025-12-11T06:11:53.918584,0.0015,0.9985,1.0
2025-12-11T06:11:54.516991,0.0015,0.9985,1.0
2025-12-11T06:11:55.124471,0.0015,0.9985,1.0
2025-12-11T06:11:55.729702,0.0015,0.9985,1.0
2025-12-11T06:11:56.338183,0.0015,0.9985,1.0
2025-12-11T06:11:56.943238,0.0055,0.9945,1.0
2025-12-11T06:11:57.546491,0.005,0.995,1.0
2025-12-11T06:11:58.158069,0.005,0.995,1.0
2025-12-11T06:11:58.774220,0.005,0.995,1.0
2025-12-11T06:11:59.396734,0.005,0.995,1.0
2025-12-11T06:12:00.006754,0.005,0.995,1.0
2025-12-11T06:12:00.606331,0.005,0.995,1.0
2025-12-11T06:12:01.205497,0.005,0.995,1.0
2025-12-11T06:12:01.809812,0.005,0.995,1.0
2025-12-11T06:12:02.409556,0.005,0.995,1.0
2025-12-11T06:12:03.099015,0.005,0.995,1.0
2025-12-11T06:12:03.707635,0.005,0.995,1.0
2025-12-11T06:12:04.309368,0.005,0.995,1.0
2025-12-11T06:12:04.907216,0.005,0.995,1.0
2025-12-11T06:12:05.511113,0.005,0.995,1.0
2025-12-11T06:12:06.111466,0.005,0.995,1.0
2025-12-11T06:12:06.707377,0.005,0.995,1.0
2025-12-11T06:12:07.314658,0.005,0.995,1.0
2025-12-11T06:12:06.318573,0.0005,0.9995,1.0
2025-12-11T06:12:06.934415,0.0005,0.9995,1.0
2025-12-11T06:12:07.535214,0.0005,0.9995,1.0
2025-12-11T06:12:08.131825,0.0005,0.9995,1.0
2025-12-11T06:12:08.727528,0.0005,0.9995,1.0
2025-12-11T06:12:09.327870,0.0005,0.9995,1.0
2025-12-11T06:12:09.930185,0.0005,0.9995,1.0
2025-12-11T06:12:10.528210,0.0005,0.9995,1.0
2025-12-11T06:12:11.121034,0.0005,0.9995,1.0
2025-12-11T06:12:11.715515,0.0005,0.9995,1.0
2025-12-11T06:12:12.308887,0.0005,0.9995,1.0
2025-12-11T06:12:12.922652,0.0005,0.9995,1.0
2025-12-11T06:12:13.517228,0.0005,0.9995,1.0
2025-12-11T06:12:14.113708,0.0005,0.9995,1.0
2025-12-11T06:12:14.723033,0.0005,0.9995,1.0
2025-12-11T06:12:15.327191,0.0005,0.9995,1.0
2025-12-11T06:12:15.944500,0.0005,0.9995,1.0
2025-12-11T06:12:16.546142,0.0005,0.9995,1.0
2025-12-11T06:12:17.162580,0.0005,0.9995,1.0
2025-12-11T06:12:17.777824,0.0005,0.9995,1.0
2025-12-11T06:12:18.379668,0.0005,0.9995,1.0
2025-12-11T06:12:18.992998,0.0005,0.9995,1.0
2025-12-11T06:12:19.594250,0.0005,0.9995,1.0
2025-12-11T06:12:20.201544,0.0005,0.9995,1.0
2025-12-11T06:12:20.800967,0.0005,0.9995,1.0
2025-12-11T06:12:21.416965,0.0005,0.9995,1.0
2025-12-11T06:12:22.028154,0.0005,0.9995,1.0
2025-12-11T06:12:22.628938,0.0005,0.9995,1.0
2025-12-11T06:12:23.221637,0.0005,0.9995,1.0
2025-12-11T06:12:23.843425,0.0005,0.9995,1.0
2025-12-11T06:12:24.470935,0.0005,0.9995,1.0
2025-12-11T06:12:25.083680,0.0005,0.9995,1.0
2025-12-11T06:12:25.699039,0.0005,0.9995,1.0
2025-12-11T06:12:26.306260,0.0005,0.9995,1.0
2025-12-11T06:12:26.917823,0.0005,0.9995,1.0
2025-12-11T06:12:27.531044,0.0005,0.9995,1.0
2025-12-11T06:12:28.130327,0.0005,0.9995,1.0
2025-12-11T06:12:28.732558,0.0005,0.9995,1.0
2025-12-11T06:12:29.338445,0.0005,0.9995,1.0
2025-12-11T06:12:29.952772,0.0005,0.9995,1.0
2025-12-11T06:12:30.556250,0.0005,0.9995,1.0
2025-12-11T06:12:31.157765,0.0005,0.9995,1.0
2025-12-11T06:12:31.762579,0.0005,0.9995,1.0
2025-12-11T06:12:32.386420,0.0005,0.9995,1.0
2025-12-11T06:12:32.995364,0.0005,0.9995,1.0
2025-12-11T06:12:33.604321,0.0005,0.9995,1.0
2025-12-11T06:12:34.216588,0.0005,0.9995,1.0
2025-12-11T06:12:34.828356,0.0005,0.9995,1.0
2025-12-11T06:12:35.436221,0.0005,0.9995,1.0
2025-12-11T06:12:36.041496,0.0005,0.9995,1.0
2025-12-11T06:12:36.635468,0.0005,0.9995,1.0
2025-12-11T06:12:37.239064,0.0005,0.9995,1.0
2025-12-11T06:12:37.838399,0.0005,0.9995,1.0
2025-12-11T06:12:38.446800,0.0005,0.9995,1.0
2025-12-11T06:12:37.478677,0.0005,0.9995,1.0
2025-12-11T06:12:38.089101,0.0005,0.9995,1.0
2025-12-11T06:12:38.693754,0.0005,0.9995,1.0
2025-12-11T06:12:39.297642,0.0005,0.9995,1.0
2025-12-11T06:12:39.922139,0.0005,0.9995,1.0
2025-12-11T06:12:40.525696,0.0005,0.9995,1.0
2025-12-11T06:12:41.129778,0.0005,0.9995,1.0
2025-12-11T06:12:41.737758,0.0005,0.9995,1.0
2025-12-11T06:12:42.349050,0.0005,0.9995,1.0
2025-12-11T06:12:42.960202,0.0005,0.9995,1.0
2025-12-11T06:12:43.570925,0.0005,0.9995,1.0
2025-12-11T06:12:44.186750,0.0005,0.9995,1.0
2025-12-11T06:12:44.799538,0.0005,0.9995,1.0
2025-12-11T06:12:45.419796,0.0005,0.9995,1.0
2025-12-11T06:12:46.032016,0.0005,0.9995,1.0
2025-12-11T06:12:46.628539,0.0005,0.9995,1.0
2025-12-11T06:12:47.223783,0.0005,0.9995,1.0
2025-12-11T06:12:47.824293,0.0005,0.9995,1.0
2025-12-11T06:12:48.432811,0.0005,0.9995,1.0
2025-12-11T06:12:49.102417,0.0005,0.9995,1.0
2025-12-11T06:12:49.707650,0.0005,0.9995,1.0
2025-12-11T06:12:50.318384,0.0005,0.9995,1.0
2025-12-11T06:12:50.919059,0.0005,0.9995,1.0
2025-12-11T06:12:51.585126,0.0005,0.9995,1.0
2025-12-11T06:12:52.191030,0.0005,0.9995,1.0
2025-12-11T06:12:52.796089,0.0005,0.9995,1.0
2025-12-11T06:12:53.395086,0.0005,0.9995,1.0
2025-12-11T06:12:53.991218,0.0005,0.9995,1.0
2025-12-11T06:12:54.590432,0.0005,0.9995,1.0
2025-12-11T06:12:55.190448,0.0005,0.9995,1.0
2025-12-11T06:12:55.800334,0.0005,0.9995,1.0
2025-12-11T06:12:56.406362,0.0005,0.9995,1.0
2025-12-11T06:12:57.006197,0.0005,0.9995,1.0
2025-12-11T06:12:57.603712,0.0005,0.9995,1.0
2025-12-11T06:12:58.206029,0.0005,0.9995,1.0
2025-12-11T06:12:58.801537,0.0005,0.9995,1.0
2025-12-11T06:12:59.411684,0.0005,0.9995,1.0
2025-12-11T06:13:00.017194,0.0005,0.9995,1.0
2025-12-11T06:13:00.618343,0.0005,0.9995,1.0
2025-12-11T06:13:01.227482,0.0005,0.9995,1.0
2025-12-11T06:13:01.826142,0.0005,0.9995,1.0
2025-12-11T06:13:02.426785,0.0005,0.9995,1.0
2025-12-11T06:13:03.036097,0.0005,0.9995,1.0
2025-12-11T06:13:03.630097,0.0005,0.9995,1.0
2025-12-11T06:13:04.234440,0.0005,0.9995,1.0
2025-12-11T06:13:04.840141,0.0005,0.9995,1.0
2025-12-11T06:13:05.445536,0.0005,0.9995,1.0
2025-12-11T06:13:06.049286,0.0005,0.9995,1.0
2025-12-11T06:13:06.660451,0.0005,0.9995,1.0
2025-12-11T06:13:07.264842,0.0005,0.9995,1.0
2025-12-11T06:13:07.868038,0.0005,0.9995,1.0
2025-12-11T06:13:08.471701,0.0005,0.9995,1.0
2025-12-11T06:13:09.074452,0.0005,0.9995,1.0
2025-12-11T06:13:08.135856,0.0005,0.9995,1.0
2025-12-11T06:13:08.736801,0.0005,0.9995,1.0
2025-12-11T06:13:09.353984,0.0005,0.9995,1.0
2025-12-11T06:13:09.952873,0.0005,0.9995,1.0
2025-12-11T06:13:10.556732,0.0005,0.9995,1.0
2025-12-11T06:13:11.157689,0.0005,0.9995,1.0
2025-12-11T06:13:11.767890,0.0005,0.9995,1.0
2025-12-11T06:13:12.370120,0.0005,0.9995,1.0
2025-12-11T06:13:12.973409,0.0005,0.9995,1.0
2025-12-11T06:13:13.570498,0.0005,0.9995,1.0
2025-12-11T06:13:14.168579,0.0005,0.9995,1.0
2025-12-11T06:13:14.763377,0.0005,0.9995,1.0
2025-12-11T06:13:15.359879,0.0005,0.9995,1.0
2025-12-11T06:13:15.961338,0.0005,0.9995,1.0
2025-12-11T06:13:16.563217,0.0005,0.9995,1.0
2025-12-11T06:13:17.163278,0.0005,0.9995,1.0
2025-12-11T06:13:17.766347,0.0005,0.9995,1.0
2025-12-11T06:13:18.358245,0.0005,0.9995,1.0
2025-12-11T06:13:18.957596,0.0005,0.9995,1.0
2025-12-11T06:13:19.561196,0.0005,0.9995,1.0
2025-12-11T06:13:20.162416,0.0005,0.9995,1.0
2025-12-11T06:13:20.774777,0.0005,0.9995,1.0
2025-12-11T06:13:21.391011,0.0005,0.9995,1.0
2025-12-11T06:13:22.002381,0.0005,0.9995,1.0
2025-12-11T06:13:22.606163,0.0005,0.9995,1.0
2025-12-11T06:13:23.217997,0.0005,0.9995,1.0
2025-12-11T06:13:23.815553,0.0005,0.9995,1.0
2025-12-11T06:13:24.419405,0.0005,0.9995,1.0
2025-12-11T06:13:25.028545,0.0005,0.9995,1.0
2025-12-11T06:13:25.623022,0.0005,0.9995,1.0
2025-12-11T06:13:26.222368,0.0005,0.9995,1.0
2025-12-11T06:13:26.823937,0.0005,0.9995,1.0
2025-12-11T06:13:27.427487,0.0005,0.9995,1.0
2025-12-11T06:13:28.031018,0.0005,0.9995,1.0
2025-12-11T06:13:28.634455,0.0005,0.9995,1.0
2025-12-11T06:13:29.235123,0.0005,0.9995,1.0
2025-12-11T06:13:29.841301,0.0005,0.9995,1.0
2025-12-11T06:13:30.443607,0.0005,0.9995,1.0
2025-12-11T06:13:31.057999,0.0005,0.9995,1.0
2025-12-11T06:13:31.670793,0.0005,0.9995,1.0
2025-12-11T06:13:32.281027,0.0005,0.9995,1.0
2025-12-11T06:13:32.886576,0.0005,0.9995,1.0
2025-12-11T06:13:33.483846,0.0005,0.9995,1.0
2025-12-11T06:13:34.086031,0.0005,0.9995,1.0
2025-12-11T06:13:34.690985,0.0005,0.9995,1.0
2025-12-11T06:13:35.286898,0.0005,0.9995,1.0
2025-12-11T06:13:35.897966,0.0005,0.9995,1.0
2025-12-11T06:13:36.509104,0.0005,0.9995,1.0
2025-12-11T06:13:37.118507,0.0005,0.9995,1.0
2025-12-11T06:13:37.719364,0.0005,0.9995,1.0
2025-12-11T06:13:38.318395,0.0005,0.9995,1.0
2025-12-11T06:13:38.916674,0.0005,0.9995,1.0
2025-12-11T06:13:39.519211,0.0005,0.9995,1.0
2025-12-11T06:13:38.555461,0.0005,0.9995,1.0
2025-12-11T06:13:39.204539,0.0005,0.9995,1.0
2025-12-11T06:13:39.801989,0.0005,0.9995,1.0
2025-12-11T06:13:40.404833,0.0005,0.9995,1.0
2025-12-11T06:13:41.003966,0.0005,0.9995,1.0
2025-12-11T06:13:41.604502,0.0005,0.9995,1.0
2025-12-11T06:13:42.215405,0.0005,0.9995,1.0
2025-12-11T06:13:42.822517,0.0005,0.9995,1.0
2025-12-11T06:13:43.428141,0.0005,0.9995,1.0
2025-12-11T06:13:44.025247,0.0005,0.9995,1.0
2025-12-11T06:13:44.634406,0.0005,0.9995,1.0
2025-12-11T06:13:45.242391,0.0005,0.9995,1.0
2025-12-11T06:13:45.857175,0.0005,0.9995,1.0
2025-12-11T06:13:46.455147,0.0005,0.9995,1.0
2025-12-11T06:13:47.056439,0.0005,0.9995,1.0
2025-12-11T06:13:47.665134,0.0005,0.9995,1.0
2025-12-11T06:13:48.262145,0.0005,0.9995,1.0
2025-12-11T06:13:48.863397,0.0005,0.9995,1.0
2025-12-11T06:13:49.463474,0.0005,0.9995,1.0
2025-12-11T06:13:50.063564,0.0005,0.9995,1.0
2025-12-11T06:13:50.661399,0.0005,0.9995,1.0
2025-12-11T06:13:51.255175,0.0005,0.9995,1.0
2025-12-11T06:13:51.855619,0.0005,0.9995,1.0
2025-12-11T06:13:52.456450,0.0005,0.9995,1.0
2025-12-11T06:13:53.051251,0.0005,0.9995,1.0
2025-12-11T06:13:53.658055,0.0005,0.9995,1.0
2025-12-11T06:13:54.273697,0.0005,0.9995,1.0
2025-12-11T06:13:54.874398,0.0005,0.9995,1.0
2025-12-11T06:13:55.470775,0.0005,0.9995,1.0
2025-12-11T06:13:56.061915,0.0005,0.9995,1.0
2025-12-11T06:13:56.658741,0.0005,0.9995,1.0
2025-12-11T06:13:57.268679,0.0005,0.9995,1.0
2025-12-11T06:13:57.876681,0.0005,0.9995,1.0
2025-12-11T06:13:58.477709,0.0005,0.9995,1.0
2025-12-11T06:13:59.087120,0.005,0.995,1.0
2025-12-11T06:13:59.701758,0.005,0.995,1.0
2025-12-11T06:14:00.306082,0.005,0.995,1.0
2025-12-11T06:14:00.917227,0.005,0.995,1.0
2025-12-11T06:14:01.523029,0.005,0.995,1.0
2025-12-11T06:14:02.130787,0.005,0.995,1.0
2025-12-11T06:14:02.792857,0.005,0.995,1.0
2025-12-11T06:14:03.397127,0.005,0.995,1.0
2025-12-11T06:14:03.995981,0.005,0.995,1.0
2025-12-11T06:14:04.587315,0.005,0.995,1.0
2025-12-11T06:14:05.191732,0.0005,0.9995,1.0
2025-12-11T06:14:05.792728,0.0005,0.9995,1.0
2025-12-11T06:14:06.405909,0.0005,0.9995,1.0
2025-12-11T06:14:07.019571,0.0005,0.9995,1.0
2025-12-11T06:14:07.624949,0.0005,0.9995,1.0
2025-12-11T06:14:08.220128,0.0005,0.9995,1.0
2025-12-11T06:14:08.845767,0.0005,0.9995,1.0
2025-12-11T06:14:09.449957,0.0005,0.9995,1.0
2025-12-11T06:14:10.054364,0.0005,0.9995,1.0
2025-12-11T06:14:09.088547,0.0005,0.9995,1.0
2025-12-11T06:14:09.685710,0.0005,0.9995,1.0
2025-12-11T06:14:10.279089,0.0005,0.9995,1.0
2025-12-11T06:14:10.911194,0.0005,0.9995,1.0
2025-12-11T06:14:11.519538,0.0005,0.9995,1.0
2025-12-11T06:14:12.123245,0.0005,0.9995,1.0
2025-12-11T06:14:12.725010,0.0005,0.9995,1.0
2025-12-11T06:14:13.328494,0.0005,0.9995,1.0
2025-12-11T06:14:13.931729,0.0005,0.9995,1.0
2025-12-11T06:14:14.528230,0.0005,0.9995,1.0
2025-12-11T06:14:15.132473,0.0005,0.9995,1.0
2025-12-11T06:14:15.736116,0.0005,0.9995,1.0
2025-12-11T06:14:16.349949,0.0005,0.9995,1.0
2025-12-11T06:14:16.966928,0.0005,0.9995,1.0
2025-12-11T06:14:17.565906,0.0005,0.9995,1.0
2025-12-11T06:14:18.175891,0.0005,0.9995,1.0
2025-12-11T06:14:18.784850,0.0005,0.9995,1.0
2025-12-11T06:14:19.395507,0.0005,0.9995,1.0
2025-12-11T06:14:19.996909,0.0005,0.9995,1.0
2025-12-11T06:14:20.598114,0.0005,0.9995,1.0
2025-12-11T06:14:21.195831,0.0005,0.9995,1.0
2025-12-11T06:14:21.787558,0.0005,0.9995,1.0
2025-12-11T06:14:22.381465,0.0005,0.9995,1.0
2025-12-11T06:14:22.980833,0.0005,0.9995,1.0
2025-12-11T06:14:23.590360,0.0005,0.9995,1.0
2025-12-11T06:14:24.192127,0.0005,0.9995,1.0
2025-12-11T06:14:24.802539,0.0005,0.9995,1.0
2025-12-11T06:14:25.409053,0.0005,0.9995,1.0
2025-12-11T06:14:26.018343,0.0005,0.9995,1.0
2025-12-11T06:14:26.622790,0.0005,0.9995,1.0
2025-12-11T06:14:27.232999,0.0005,0.9995,1.0
2025-12-11T06:14:27.838330,0.0005,0.9995,1.0
2025-12-11T06:14:28.443947,0.0005,0.9995,1.0
2025-12-11T06:14:29.128114,0.0005,0.9995,1.0
2025-12-11T06:14:29.736082,0.0005,0.9995,1.0
2025-12-11T06:14:30.342487,0.0005,0.9995,1.0
2025-12-11T06:14:30.957042,0.0005,0.9995,1.0
2025-12-11T06:14:31.561333,0.0005,0.9995,1.0
2025-12-11T06:14:32.163306,0.0005,0.9995,1.0
2025-12-11T06:14:32.766014,0.0005,0.9995,1.0
2025-12-11T06:14:33.388278,0.0005,0.9995,1.0
2025-12-11T06:14:33.985083,0.0005,0.9995,1.0
2025-12-11T06:14:34.598470,0.0005,0.9995,1.0
2025-12-11T06:14:35.203944,0.0005,0.9995,1.0
2025-12-11T06:14:35.805932,0.0005,0.9995,1.0
2025-12-11T06:14:36.411714,0.0005,0.9995,1.0
2025-12-11T06:14:37.014216,0.0005,0.9995,1.0
2025-12-11T06:14:37.622166,0.005,0.995,1.0
2025-12-11T06:14:38.223523,0.005,0.995,1.0
2025-12-11T06:14:38.825330,0.005,0.995,1.0
2025-12-11T06:14:39.428337,0.005,0.995,1.0
2025-12-11T06:14:40.037196,0.005,0.995,1.0
2025-12-11T06:14:40.639595,0.005,0.995,1.0
2025-12-11T06:14:41.252722,0.005,0.995,1.0
2025-12-11T06:14:40.305778,0.005,0.995,1.0
2025-12-11T06:14:40.907560,0.005,0.995,1.0
2025-12-11T06:14:41.516479,0.005,0.995,1.0
2025-12-11T06:14:42.134370,0.005,0.995,1.0
2025-12-11T06:14:42.735204,0.005,0.995,1.0
2025-12-11T06:14:43.341600,0.005,0.995,1.0
2025-12-11T06:14:43.945495,0.0005,0.9995,1.0
2025-12-11T06:14:44.560822,0.0005,0.9995,1.0
2025-12-11T06:14:45.159880,0.0005,0.9995,1.0
2025-12-11T06:14:45.772349,0.0005,0.9995,1.0
2025-12-11T06:14:46.384648,0.0005,0.9995,1.0
2025-12-11T06:14:46.990885,0.0005,0.9995,1.0
2025-12-11T06:14:47.601225,0.0005,0.9995,1.0
2025-12-11T06:14:48.215286,0.0005,0.9995,1.0
2025-12-11T06:14:48.841456,0.0005,0.9995,1.0
2025-12-11T06:14:49.454175,0.0005,0.9995,1.0
2025-12-11T06:14:50.065958,0.0005,0.9995,1.0
2025-12-11T06:14:50.679424,0.0005,0.9995,1.0
2025-12-11T06:14:51.293880,0.0005,0.9995,1.0
2025-12-11T06:14:51.910436,0.0005,0.9995,1.0
2025-12-11T06:14:52.529238,0.0005,0.9995,1.0
2025-12-11T06:14:53.132049,0.0005,0.9995,1.0
2025-12-11T06:14:53.747309,0.0005,0.9995,1.0
2025-12-11T06:14:54.369543,0.0005,0.9995,1.0
2025-12-11T06:14:55.000523,0.0005,0.9995,1.0
2025-12-11T06:14:55.605338,0.0005,0.9995,1.0
2025-12-11T06:14:56.225713,0.0005,0.9995,1.0
2025-12-11T06:14:56.832885,0.0005,0.9995,1.0
2025-12-11T06:14:57.434512,0.0005,0.9995,1.0
2025-12-11T06:14:58.046833,0.0005,0.9995,1.0
2025-12-11T06:14:58.653909,0.0005,0.9995,1.0
2025-12-11T06:14:59.275290,0.0005,0.9995,1.0
2025-12-11T06:14:59.887789,0.0005,0.9995,1.0
2025-12-11T06:15:00.500223,0.0005,0.9995,1.0
2025-12-11T06:15:01.108766,0.0005,0.9995,1.0
2025-12-11T06:15:01.719625,0.0005,0.9995,1.0
2025-12-11T06:15:02.333596,0.0005,0.9995,1.0
2025-12-11T06:15:02.952751,0.0005,0.9995,1.0
2025-12-11T06:15:03.556020,0.0005,0.9995,1.0
2025-12-11T06:15:04.169163,0.0005,0.9995,1.0
2025-12-11T06:15:04.788425,0.0005,0.9995,1.0
2025-12-11T06:15:05.406015,0.0005,0.9995,1.0
2025-12-11T06:15:06.019384,0.0005,0.9995,1.0
2025-12-11T06:15:06.656700,0.0005,0.9995,1.0
2025-12-11T06:15:07.266620,0.0005,0.9995,1.0
2025-12-11T06:15:07.877085,0.0005,0.9995,1.0
2025-12-11T06:15:08.487603,0.0005,0.9995,1.0
2025-12-11T06:15:09.093466,0.0005,0.9995,1.0
2025-12-11T06:15:09.697752,0.0005,0.9995,1.0
2025-12-11T06:15:10.305174,0.0005,0.9995,1.0
2025-12-11T06:15:10.914177,0.0005,0.9995,1.0
2025-12-11T06:15:11.520403,0.0005,0.9995,1.0
2025-12-11T06:15:10.583621,0.0005,0.9995,1.0
2025-12-11T06:15:11.194391,0.0005,0.9995,1.0
2025-12-11T06:15:11.805712,0.0005,0.9995,1.0
2025-12-11T06:15:12.415882,0.0005,0.9995,1.0
2025-12-11T06:15:13.017512,0.0005,0.9995,1.0
2025-12-11T06:15:13.624842,0.0005,0.9995,1.0
2025-12-11T06:15:14.227123,0.0005,0.9995,1.0
2025-12-11T06:15:14.830104,0.0005,0.9995,1.0
2025-12-11T06:15:15.438558,0.0005,0.9995,1.0
2025-12-11T06:15:16.049127,0.0005,0.9995,1.0
2025-12-11T06:15:16.660494,0.0005,0.9995,1.0
2025-12-11T06:15:17.269986,0.0005,0.9995,1.0
2025-12-11T06:15:17.882526,0.0005,0.9995,1.0
2025-12-11T06:15:18.483563,0.0005,0.9995,1.0
2025-12-11T06:15:19.082033,0.0005,0.9995,1.0
2025-12-11T06:15:19.696257,0.0005,0.9995,1.0
2025-12-11T06:15:20.304075,0.0005,0.9995,1.0
2025-12-11T06:15:20.908602,0.0005,0.9995,1.0
2025-12-11T06:15:21.515843,0.0005,0.9995,1.0
2025-12-11T06:15:22.129353,0.0005,0.9995,1.0
2025-12-11T06:15:22.739650,0.0005,0.9995,1.0
2025-12-11T06:15:23.337934,0.0005,0.9995,1.0
2025-12-11T06:15:23.953457,0.0005,0.9995,1.0
2025-12-11T06:15:24.556851,0.0005,0.9995,1.0
2025-12-11T06:15:25.162936,0.0005,0.9995,1.0
2025-12-11T06:15:25.765359,0.0005,0.9995,1.0
2025-12-11T06:15:26.368964,0.0005,0.9995,1.0
2025-12-11T06:15:26.973292,0.0005,0.9995,1.0
2025-12-11T06:15:27.574487,0.0005,0.9995,1.0
2025-12-11T06:15:28.190435,0.0005,0.9995,1.0
2025-12-11T06:15:28.786910,0.0005,0.9995,1.0
2025-12-11T06:15:29.381006,0.0005,0.9995,1.0
2025-12-11T06:15:29.991467,0.0005,0.9995,1.0
2025-12-11T06:15:30.604087,0.0005,0.9995,1.0
2025-12-11T06:15:31.219104,0.0005,0.9995,1.0
2025-12-11T06:15:31.832599,0.0005,0.9995,1.0
2025-12-11T06:15:32.450623,0.0005,0.9995,1.0
2025-12-11T06:15:33.054775,0.0005,0.9995,1.0
2025-12-11T06:15:33.651654,0.0005,0.9995,1.0
2025-12-11T06:15:34.263196,0.0005,0.9995,1.0
2025-12-11T06:15:34.872302,0.0005,0.9995,1.0
2025-12-11T06:15:35.468642,0.0005,0.9995,1.0
2025-12-11T06:15:36.068255,0.0005,0.9995,1.0
2025-12-11T06:15:36.671361,0.0005,0.9995,1.0
2025-12-11T06:15:37.267570,0.0005,0.9995,1.0
2025-12-11T06:15:37.867324,0.0005,0.9995,1.0
2025-12-11T06:15:38.481068,0.0005,0.9995,1.0
2025-12-11T06:15:39.089895,0.0005,0.9995,1.0
2025-12-11T06:15:39.702488,0.0005,0.9995,1.0
2025-12-11T06:15:40.308163,0.0005,0.9995,1.0
2025-12-11T06:15:40.917765,0.0005,0.9995,1.0
2025-12-11T06:15:41.527629,0.0005,0.9995,1.0
2025-12-11T06:15:42.125771,0.0005,0.9995,1.0
2025-12-11T06:15:41.164413,0.0005,0.9995,1.0
2025-12-11T06:15:41.769049,0.0005,0.9995,1.0
2025-12-11T06:15:42.374214,0.0005,0.9995,1.0
2025-12-11T06:15:42.986462,0.0005,0.9995,1.0
2025-12-11T06:15:43.589963,0.0005,0.9995,1.0
2025-12-11T06:15:44.208323,0.0005,0.9995,1.0
2025-12-11T06:15:44.817978,0.0005,0.9995,1.0
2025-12-11T06:15:45.428983,0.0005,0.9995,1.0
2025-12-11T06:15:46.026269,0.0005,0.9995,1.0
2025-12-11T06:15:46.631800,0.0005,0.9995,1.0
2025-12-11T06:15:47.235262,0.0005,0.9995,1.0
2025-12-11T06:15:47.841548,0.0005,0.9995,1.0
2025-12-11T06:15:48.448908,0.0005,0.9995,1.0
2025-12-11T06:15:49.061756,0.0005,0.9995,1.0
2025-12-11T06:15:49.669178,0.0005,0.9995,1.0
2025-12-11T06:15:50.271529,0.0005,0.9995,1.0
2025-12-11T06:15:50.884705,0.0005,0.9995,1.0
2025-12-11T06:15:51.512642,0.0005,0.9995,1.0
2025-12-11T06:15:52.198366,0.0005,0.9995,1.0
2025-12-11T06:15:52.812766,0.0005,0.9995,1.0
2025-12-11T06:15:53.427396,0.0005,0.9995,1.0
2025-12-11T06:15:54.039443,0.0005,0.9995,1.0
2025-12-11T06:15:54.654141,0.0005,0.9995,1.0
2025-12-11T06:15:55.263081,0.0005,0.9995,1.0
2025-12-11T06:15:55.871150,0.0005,0.9995,1.0
2025-12-11T06:15:56.480352,0.0005,0.9995,1.0
2025-12-11T06:15:57.093763,0.0005,0.9995,1.0
2025-12-11T06:15:57.696741,0.0005,0.9995,1.0
2025-12-11T06:15:58.311449,0.0005,0.9995,1.0
2025-12-11T06:15:58.922741,0.0005,0.9995,1.0
2025-12-11T06:15:59.533569,0.0005,0.9995,1.0
