timestamp,price_yes,price_no,sum_prices
2025-12-11T06:16:00.277666,0.505,0.495,1.0
2025-12-11T06:16:00.893518,0.505,0.495,1.0
2025-12-11T06:16:01.506250,0.505,0.5,1.005
2025-12-11T06:16:02.119371,0.505,0.495,1.0
2025-12-11T06:16:02.732394,0.505,0.495,1.0
2025-12-11T06:16:03.340291,0.505,0.495,1.0
2025-12-11T06:16:03.944377,0.505,0.495,1.0
2025-12-11T06:16:04.545168,0.505,0.495,1.0
2025-12-11T06:16:05.151802,0.505,0.495,1.0
2025-12-11T06:16:05.750589,0.505,0.495,1.0
2025-12-11T06:16:06.359596,0.515,0.485,1.0
2025-12-11T06:16:06.966737,0.515,0.485,1.0
2025-12-11T06:16:07.573128,0.515,0.485,1.0
2025-12-11T06:16:08.177101,0.515,0.485,1.0
2025-12-11T06:16:08.787454,0.515,0.485,1.0
2025-12-11T06:16:09.397809,0.535,0.45,0.9850000000000001
2025-12-11T06:16:10.003421,0.545,0.455,1.0
2025-12-11T06:16:10.611550,0.555,0.445,1.0
2025-12-11T06:16:11.225209,0.565,0.435,1.0
2025-12-11T06:16:11.838724,0.565,0.435,1.0
2025-12-11T06:16:12.444957,0.565,0.435,1.0
2025-12-11T06:16:13.045201,0.565,0.435,1.0
2025-12-11T06:16:12.080947,0.565,0.435,1.0
2025-12-11T06:16:12.703276,0.57,0.43,1.0
2025-12-11T06:16:13.313492,0.565,0.435,1.0
2025-12-11T06:16:13.916620,0.56,0.44,1.0
2025-12-11T06:16:14.519491,0.555,0.445,1.0
2025-12-11T06:16:15.130848,0.565,0.435,1.0
2025-12-11T06:16:15.733896,0.575,0.415,0.99
2025-12-11T06:16:16.332009,0.585,0.415,1.0
2025-12-11T06:16:16.943573,0.595,0.405,1.0
2025-12-11T06:16:17.558244,0.595,0.41,1.005
2025-12-11T06:16:18.161457,0.585,0.415,1.0
2025-12-11T06:16:18.764052,0.585,0.415,1.0
2025-12-11T06:16:19.369689,0.585,0.415,1.0
2025-12-11T06:16:19.985981,0.595,0.405,1.0
2025-12-11T06:16:20.590754,0.595,0.405,1.0
2025-12-11T06:16:21.187712,0.595,0.405,1.0
2025-12-11T06:16:21.788051,0.595,0.405,1.0
2025-12-11T06:16:22.390287,0.605,0.395,1.0
2025-12-11T06:16:22.988159,0.605,0.395,1.0
2025-12-11T06:16:23.594459,0.605,0.395,1.0
2025-12-11T06:16:24.190110,0.605,0.395,1.0
2025-12-11T06:16:24.794276,0.605,0.395,1.0
2025-12-11T06:16:25.420567,0.595,0.405,1.0
2025-12-11T06:16:26.031911,0.61,0.39,1.0
2025-12-11T06:16:26.630920,0.615,0.385,1.0
2025-12-11T06:16:27.246565,0.61,0.39,1.0
2025-12-11T06:16:27.883573,0.61,0.39,1.0
2025-12-11T06:16:28.486880,0.61,0.39,1.0
2025-12-11T06:16:29.091742,0.61,0.39,1.0
2025-12-11T06:16:29.692146,0.595,0.405,1.0
2025-12-11T06:16:30.303932,0.605,0.395,1.0
2025-12-11T06:16:30.911675,0.61,0.39,1.0
2025-12-11T06:16:31.527429,0.61,0.39,1.0
2025-12-11T06:16:32.150661,0.61,0.39,1.0
2025-12-11T06:16:32.758212,0.625,0.375,1.0
2025-12-11T06:16:33.365611,0.615,0.385,1.0
2025-12-11T06:16:33.971679,0.615,0.385,1.0
2025-12-11T06:16:34.581958,0.615,0.385,1.0
2025-12-11T06:16:35.195432,0.615,0.385,1.0
2025-12-11T06:16:35.800363,0.61,0.39,1.0
2025-12-11T06:16:36.401623,0.615,0.385,1.0
2025-12-11T06:16:37.001627,0.625,0.375,1.0
2025-12-11T06:16:37.626793,0.635,0.37,1.005
2025-12-11T06:16:38.231993,0.63,0.37,1.0
2025-12-11T06:16:38.829503,0.63,0.37,1.0
2025-12-11T06:16:39.435290,0.63,0.37,1.0
2025-12-11T06:16:40.041763,0.625,0.375,1.0
2025-12-11T06:16:40.641976,0.63,0.37,1.0
2025-12-11T06:16:41.242927,0.635,0.355,0.99
2025-12-11T06:16:41.848773,0.645,0.355,1.0
2025-12-11T06:16:42.460890,0.645,0.355,1.0
2025-12-11T06:16:43.075535,0.645,0.355,1.0
2025-12-11T06:16:43.676711,0.645,0.355,1.0
2025-12-11T06:16:42.740533,0.655,0.35,1.005
2025-12-11T06:16:43.342348,0.655,0.345,1.0
2025-12-11T06:16:43.960080,0.655,0.345,1.0
2025-12-11T06:16:44.568963,0.635,0.365,1.0
2025-12-11T06:16:45.173516,0.62,0.38,1.0
2025-12-11T06:16:45.789579,0.615,0.385,1.0
2025-12-11T06:16:46.401778,0.615,0.385,1.0
2025-12-11T06:16:47.013435,0.625,0.375,1.0
2025-12-11T06:16:47.625996,0.625,0.375,1.0
2025-12-11T06:16:48.237714,0.625,0.375,1.0
2025-12-11T06:16:48.844747,0.625,0.375,1.0
2025-12-11T06:16:49.446123,0.615,0.385,1.0
2025-12-11T06:16:50.054942,0.615,0.385,1.0
2025-12-11T06:16:50.658739,0.595,0.405,1.0
2025-12-11T06:16:51.265702,0.59,0.405,0.995
2025-12-11T06:16:51.862165,0.6,0.4,1.0
2025-12-11T06:16:52.468600,0.595,0.405,1.0
2025-12-11T06:16:53.074588,0.61,0.39,1.0
2025-12-11T06:16:53.681529,0.605,0.395,1.0
2025-12-11T06:16:54.281190,0.615,0.385,1.0
2025-12-11T06:16:54.884957,0.625,0.375,1.0
2025-12-11T06:16:55.497143,0.635,0.365,1.0
2025-12-11T06:16:56.100946,0.645,0.36,1.005
2025-12-11T06:16:56.796509,0.635,0.365,1.0
2025-12-11T06:16:57.429106,0.635,0.365,1.0
2025-12-11T06:16:58.037533,0.635,0.365,1.0
2025-12-11T06:16:58.633006,0.635,0.365,1.0
2025-12-11T06:16:59.244843,0.645,0.355,1.0
2025-12-11T06:16:59.844381,0.645,0.355,1.0
2025-12-11T06:17:00.453499,0.655,0.345,1.0
2025-12-11T06:17:01.064912,0.665,0.335,1.0
2025-12-11T06:17:01.674970,0.645,0.355,1.0
2025-12-11T06:17:02.286068,0.645,0.355,1.0
2025-12-11T06:17:02.887053,0.645,0.36,1.005
2025-12-11T06:17:03.495919,0.635,0.365,1.0
2025-12-11T06:17:04.100503,0.645,0.355,1.0
2025-12-11T06:17:04.704428,0.655,0.345,1.0
2025-12-11T06:17:05.312357,0.655,0.345,1.0
2025-12-11T06:17:05.920500,0.635,0.365,1.0
2025-12-11T06:17:06.523402,0.635,0.365,1.0
2025-12-11T06:17:07.132892,0.635,0.365,1.0
2025-12-11T06:17:07.748314,0.635,0.365,1.0
2025-12-11T06:17:08.357092,0.635,0.365,1.0
2025-12-11T06:17:08.963639,0.635,0.365,1.0
2025-12-11T06:17:09.575822,0.635,0.365,1.0
2025-12-11T06:17:10.173606,0.64,0.345,0.985
2025-12-11T06:17:10.782360,0.655,0.335,0.99
2025-12-11T06:17:11.395724,0.655,0.345,1.0
2025-12-11T06:17:12.008126,0.655,0.345,1.0
2025-12-11T06:17:12.619461,0.645,0.355,1.0
2025-12-11T06:17:13.229422,0.645,0.355,1.0
2025-12-11T06:17:13.830563,0.645,0.355,1.0
2025-12-11T06:17:14.450365,0.645,0.355,1.0
2025-12-11T06:17:13.499296,0.645,0.355,1.0
2025-12-11T06:17:14.109128,0.66,0.345,1.005
2025-12-11T06:17:14.717359,0.655,0.345,1.0
2025-12-11T06:17:15.329051,0.675,0.325,1.0
2025-12-11T06:17:15.934759,0.675,0.325,1.0
2025-12-11T06:17:16.546669,0.675,0.325,1.0
2025-12-11T06:17:17.152011,0.675,0.325,1.0
2025-12-11T06:17:17.753785,0.675,0.325,1.0
2025-12-11T06:17:18.363779,0.675,0.325,1.0
2025-12-11T06:17:18.973077,0.68,0.32,1.0
2025-12-11T06:17:19.576448,0.695,0.305,1.0
2025-12-11T06:17:20.175511,0.695,0.305,1.0
2025-12-11T06:17:20.771664,0.685,0.315,1.0
2025-12-11T06:17:21.374276,0.675,0.325,1.0
2025-12-11T06:17:21.979620,0.665,0.335,1.0
2025-12-11T06:17:22.598843,0.665,0.34,1.0050000000000001
2025-12-11T06:17:23.191077,0.66,0.34,1.0
2025-12-11T06:17:23.806275,0.665,0.335,1.0
2025-12-11T06:17:24.414706,0.665,0.335,1.0
2025-12-11T06:17:25.009943,0.67,0.33,1.0
2025-12-11T06:17:25.608899,0.675,0.325,1.0
2025-12-11T06:17:26.225578,0.675,0.325,1.0
2025-12-11T06:17:26.833032,0.67,0.325,0.9950000000000001
2025-12-11T06:17:27.440924,0.68,0.32,1.0
2025-12-11T06:17:28.044436,0.675,0.325,1.0
2025-12-11T06:17:28.656149,0.675,0.325,1.0
2025-12-11T06:17:29.251349,0.675,0.325,1.0
2025-12-11T06:17:29.858668,0.675,0.325,1.0
2025-12-11T06:17:30.471625,0.675,0.325,1.0
2025-12-11T06:17:31.079177,0.665,0.335,1.0
2025-12-11T06:17:31.698014,0.675,0.325,1.0
2025-12-11T06:17:32.354130,0.665,0.335,1.0
2025-12-11T06:17:32.959636,0.67,0.33,1.0
2025-12-11T06:17:33.567134,0.655,0.345,1.0
2025-12-11T06:17:34.174560,0.645,0.365,1.01
2025-12-11T06:17:34.781450,0.625,0.375,1.0
2025-12-11T06:17:35.391495,0.635,0.365,1.0
2025-12-11T06:17:36.019790,0.635,0.365,1.0
2025-12-11T06:17:36.626895,0.635,0.365,1.0
2025-12-11T06:17:37.230438,0.64,0.36,1.0
2025-12-11T06:17:37.846589,0.64,0.36,1.0
2025-12-11T06:17:38.472303,0.64,0.36,1.0
2025-12-11T06:17:39.099910,0.64,0.36,1.0
2025-12-11T06:17:39.698902,0.645,0.355,1.0
2025-12-11T06:17:40.308886,0.645,0.355,1.0
2025-12-11T06:17:40.920464,0.645,0.355,1.0
2025-12-11T06:17:41.530461,0.655,0.345,1.0
2025-12-11T06:17:42.141950,0.64,0.36,1.0
2025-12-11T06:17:42.743354,0.64,0.36,1.0
2025-12-11T06:17:43.366360,0.64,0.36,1.0
2025-12-11T06:17:43.976887,0.64,0.36,1.0
2025-12-11T06:17:44.590922,0.64,0.36,1.0
2025-12-11T06:17:45.200077,0.635,0.365,1.0
2025-12-11T06:17:44.232306,0.625,0.375,1.0
2025-12-11T06:17:44.878245,0.625,0.375,1.0
2025-12-11T06:17:45.482053,0.625,0.375,1.0
2025-12-11T06:17:46.098538,0.625,0.375,1.0
2025-12-11T06:17:46.694538,0.625,0.375,1.0
2025-12-11T06:17:47.310481,0.615,0.385,1.0
2025-12-11T06:17:47.924938,0.615,0.385,1.0
2025-12-11T06:17:48.535750,0.615,0.385,1.0
2025-12-11T06:17:49.133943,0.635,0.365,1.0
2025-12-11T06:17:49.748398,0.64,0.36,1.0
2025-12-11T06:17:50.375667,0.64,0.36,1.0
2025-12-11T06:17:50.994763,0.64,0.36,1.0
2025-12-11T06:17:51.599289,0.64,0.36,1.0
2025-12-11T06:17:52.206858,0.635,0.365,1.0
2025-12-11T06:17:52.825289,0.61,0.39,1.0
2025-12-11T06:17:53.437941,0.605,0.395,1.0
2025-12-11T06:17:54.049574,0.595,0.405,1.0
2025-12-11T06:17:54.659082,0.615,0.385,1.0
2025-12-11T06:17:55.266226,0.615,0.385,1.0
2025-12-11T06:17:55.868301,0.615,0.385,1.0
2025-12-11T06:17:56.489312,0.615,0.385,1.0
2025-12-11T06:17:57.108406,0.615,0.385,1.0
2025-12-11T06:17:57.721566,0.615,0.385,1.0
2025-12-11T06:17:58.392218,0.615,0.385,1.0
2025-12-11T06:17:59.006641,0.625,0.375,1.0
2025-12-11T06:17:59.620020,0.635,0.365,1.0
2025-12-11T06:18:00.235291,0.635,0.365,1.0
2025-12-11T06:18:00.857228,0.645,0.355,1.0
2025-12-11T06:18:01.452051,0.625,0.375,1.0
2025-12-11T06:18:02.053344,0.615,0.385,1.0
2025-12-11T06:18:02.668554,0.615,0.385,1.0
2025-12-11T06:18:03.283243,0.61,0.385,0.995
2025-12-11T06:18:03.898637,0.615,0.385,1.0
2025-12-11T06:18:04.519768,0.615,0.385,1.0
2025-12-11T06:18:05.139232,0.61,0.39,1.0
2025-12-11T06:18:05.763292,0.61,0.39,1.0
2025-12-11T06:18:06.382076,0.62,0.38,1.0
2025-12-11T06:18:07.004904,0.62,0.38,1.0
2025-12-11T06:18:07.606296,0.615,0.385,1.0
2025-12-11T06:18:08.208124,0.615,0.385,1.0
2025-12-11T06:18:08.823443,0.615,0.385,1.0
2025-12-11T06:18:09.441087,0.615,0.385,1.0
2025-12-11T06:18:10.054623,0.61,0.385,0.995
2025-12-11T06:18:10.666313,0.605,0.39,0.995
2025-12-11T06:18:11.282398,0.62,0.38,1.0
2025-12-11T06:18:11.902589,0.62,0.385,1.005
2025-12-11T06:18:12.523802,0.615,0.385,1.0
2025-12-11T06:18:13.133447,0.615,0.39,1.005
2025-12-11T06:18:13.757218,0.61,0.39,1.0
2025-12-11T06:18:14.361615,0.615,0.385,1.0
2025-12-11T06:18:14.967553,0.615,0.385,1.0
2025-12-11T06:18:15.576375,0.61,0.39,1.0
2025-12-11T06:18:14.618338,0.61,0.39,1.0
2025-12-11T06:18:15.222295,0.615,0.385,1.0
2025-12-11T06:18:15.833783,0.615,0.385,1.0
2025-12-11T06:18:16.457959,0.615,0.385,1.0
2025-12-11T06:18:17.052353,0.61,0.39,1.0
2025-12-11T06:18:17.653016,0.615,0.385,1.0
2025-12-11T06:18:18.255928,0.615,0.385,1.0
2025-12-11T06:18:18.873203,0.615,0.385,1.0
2025-12-11T06:18:19.486679,0.62,0.375,0.995
2025-12-11T06:18:20.111174,0.625,0.375,1.0
2025-12-11T06:18:20.716808,0.62,0.38,1.0
2025-12-11T06:18:21.322268,0.62,0.38,1.0
2025-12-11T06:18:21.920925,0.62,0.38,1.0
2025-12-11T06:18:22.543838,0.62,0.38,1.0
2025-12-11T06:18:23.150037,0.625,0.375,1.0
2025-12-11T06:18:23.762642,0.635,0.365,1.0
2025-12-11T06:18:24.377216,0.635,0.365,1.0
2025-12-11T06:18:24.981099,0.635,0.36,0.995
2025-12-11T06:18:25.594318,0.645,0.355,1.0
2025-12-11T06:18:26.209072,0.645,0.355,1.0
2025-12-11T06:18:26.822619,0.645,0.355,1.0
2025-12-11T06:18:27.424231,0.645,0.355,1.0
2025-12-11T06:18:28.034933,0.64,0.36,1.0
2025-12-11T06:18:28.656060,0.64,0.36,1.0
2025-12-11T06:18:29.342699,0.635,0.365,1.0
2025-12-11T06:18:29.954074,0.64,0.36,1.0
2025-12-11T06:18:30.556987,0.64,0.36,1.0
2025-12-11T06:18:31.168766,0.64,0.36,1.0
2025-12-11T06:18:31.776187,0.64,0.36,1.0
2025-12-11T06:18:32.485340,0.64,0.36,1.0
2025-12-11T06:18:33.109790,0.64,0.36,1.0
2025-12-11T06:18:33.721669,0.64,0.36,1.0
2025-12-11T06:18:34.337378,0.64,0.36,1.0
2025-12-11T06:18:34.950088,0.64,0.36,1.0
2025-12-11T06:18:35.568112,0.64,0.36,1.0
2025-12-11T06:18:36.179823,0.64,0.355,0.995
2025-12-11T06:18:36.782104,0.645,0.355,1.0
2025-12-11T06:18:37.390037,0.645,0.355,1.0
2025-12-11T06:18:37.988249,0.645,0.355,1.0
2025-12-11T06:18:38.594592,0.645,0.355,1.0
2025-12-11T06:18:39.208864,0.645,0.355,1.0
2025-12-11T06:18:39.827270,0.645,0.355,1.0
2025-12-11T06:18:40.435157,0.655,0.345,1.0
2025-12-11T06:18:41.042442,0.665,0.295,0.96
2025-12-11T06:18:41.647474,0.725,0.275,1.0
2025-12-11T06:18:42.275713,0.725,0.275,1.0
2025-12-11T06:18:42.889093,0.725,0.275,1.0
2025-12-11T06:18:43.491926,0.735,0.265,1.0
2025-12-11T06:18:44.092210,0.745,0.255,1.0
2025-12-11T06:18:44.699938,0.745,0.255,1.0
2025-12-11T06:18:45.308220,0.755,0.245,1.0
2025-12-11T06:18:45.908455,0.755,0.245,1.0
2025-12-11T06:18:46.515162,0.755,0.245,1.0
2025-12-11T06:18:45.562634,0.76,0.24,1.0
2025-12-11T06:18:46.167444,0.755,0.25,1.005
2025-12-11T06:18:46.765983,0.755,0.245,1.0
2025-12-11T06:18:47.381850,0.775,0.225,1.0
2025-12-11T06:18:48.011966,0.775,0.225,1.0
2025-12-11T06:18:48.613116,0.77,0.235,1.005
2025-12-11T06:18:49.225476,0.77,0.23,1.0
2025-12-11T06:18:49.834640,0.77,0.23,1.0
2025-12-11T06:18:50.431738,0.77,0.235,1.005
2025-12-11T06:18:51.029927,0.755,0.24,0.995
2025-12-11T06:18:51.641667,0.755,0.245,1.0
2025-12-11T06:18:52.252016,0.755,0.245,1.0
2025-12-11T06:18:52.847450,0.755,0.245,1.0
2025-12-11T06:18:53.457875,0.755,0.245,1.0
2025-12-11T06:18:54.061773,0.755,0.245,1.0
2025-12-11T06:18:54.675963,0.755,0.245,1.0
2025-12-11T06:18:55.296547,0.755,0.245,1.0
2025-12-11T06:18:55.901609,0.755,0.245,1.0
2025-12-11T06:18:56.507969,0.755,0.245,1.0
2025-12-11T06:18:57.114607,0.755,0.245,1.0
2025-12-11T06:18:57.725377,0.755,0.245,1.0
2025-12-11T06:18:58.341092,0.755,0.245,1.0
2025-12-11T06:18:58.954587,0.755,0.245,1.0
2025-12-11T06:18:59.568186,0.755,0.245,1.0
2025-12-11T06:19:00.223090,0.745,0.255,1.0
2025-12-11T06:19:00.835925,0.745,0.255,1.0
2025-12-11T06:19:01.442101,0.75,0.25,1.0
2025-12-11T06:19:02.050715,0.755,0.245,1.0
2025-12-11T06:19:02.664265,0.755,0.245,1.0
2025-12-11T06:19:03.266243,0.755,0.245,1.0
2025-12-11T06:19:03.870765,0.755,0.245,1.0
2025-12-11T06:19:04.508453,0.765,0.235,1.0
2025-12-11T06:19:05.113985,0.765,0.235,1.0
2025-12-11T06:19:05.722405,0.76,0.24,1.0
2025-12-11T06:19:06.325643,0.755,0.225,0.98
2025-12-11T06:19:06.934693,0.77,0.23,1.0
2025-12-11T06:19:07.544003,0.77,0.23,1.0
2025-12-11T06:19:08.156197,0.775,0.225,1.0
2025-12-11T06:19:08.838897,0.775,0.225,1.0
2025-12-11T06:19:09.449473,0.785,0.215,1.0
2025-12-11T06:19:10.065987,0.785,0.215,1.0
2025-12-11T06:19:10.683121,0.785,0.215,1.0
2025-12-11T06:19:11.297790,0.785,0.215,1.0
2025-12-11T06:19:11.908944,0.78,0.22,1.0
2025-12-11T06:19:12.516003,0.78,0.22,1.0
2025-12-11T06:19:13.122990,0.78,0.22,1.0
2025-12-11T06:19:13.733448,0.78,0.22,1.0
2025-12-11T06:19:14.352434,0.785,0.215,1.0
2025-12-11T06:19:14.959577,0.78,0.22,1.0
2025-12-11T06:19:15.557461,0.775,0.225,1.0
2025-12-11T06:19:16.164265,0.765,0.235,1.0
2025-12-11T06:19:16.768063,0.765,0.235,1.0
2025-12-11T06:19:17.367075,0.765,0.235,1.0
2025-12-11T06:19:16.400473,0.765,0.235,1.0
2025-12-11T06:19:17.005874,0.765,0.235,1.0
2025-12-11T06:19:17.612522,0.765,0.235,1.0
2025-12-11T06:19:18.218530,0.765,0.235,1.0
2025-12-11T06:19:18.834315,0.765,0.235,1.0
2025-12-11T06:19:19.432522,0.765,0.235,1.0
2025-12-11T06:19:20.044481,0.765,0.235,1.0
2025-12-11T06:19:20.646540,0.77,0.23,1.0
2025-12-11T06:19:21.261248,0.77,0.23,1.0
2025-12-11T06:19:21.863220,0.775,0.225,1.0
2025-12-11T06:19:22.463758,0.775,0.225,1.0
2025-12-11T06:19:23.064528,0.77,0.23,1.0
2025-12-11T06:19:23.662988,0.785,0.22,1.0050000000000001
2025-12-11T06:19:24.277095,0.77,0.23,1.0
2025-12-11T06:19:24.884186,0.77,0.23,1.0
2025-12-11T06:19:25.483895,0.775,0.225,1.0
2025-12-11T06:19:26.084372,0.765,0.235,1.0
2025-12-11T06:19:26.753696,0.765,0.235,1.0
2025-12-11T06:19:27.362269,0.805,0.195,1.0
2025-12-11T06:19:27.980289,0.8,0.195,0.9950000000000001
2025-12-11T06:19:28.587696,0.815,0.185,1.0
2025-12-11T06:19:29.193748,0.81,0.19,1.0
2025-12-11T06:19:29.799622,0.805,0.195,1.0
2025-12-11T06:19:30.396636,0.8,0.2,1.0
2025-12-11T06:19:31.045288,0.8,0.2,1.0
2025-12-11T06:19:31.644192,0.805,0.195,1.0
2025-12-11T06:19:32.253412,0.81,0.19,1.0
2025-12-11T06:19:32.862503,0.81,0.195,1.0050000000000001
2025-12-11T06:19:33.460060,0.795,0.2,0.9950000000000001
2025-12-11T06:19:34.070984,0.785,0.215,1.0
2025-12-11T06:19:34.682790,0.775,0.225,1.0
2025-12-11T06:19:35.285898,0.775,0.225,1.0
2025-12-11T06:19:35.888433,0.775,0.225,1.0
2025-12-11T06:19:36.494739,0.775,0.225,1.0
2025-12-11T06:19:37.107946,0.775,0.225,1.0
2025-12-11T06:19:37.720563,0.77,0.23,1.0
2025-12-11T06:19:38.323867,0.765,0.235,1.0
2025-12-11T06:19:38.927639,0.765,0.235,1.0
2025-12-11T06:19:39.533879,0.765,0.245,1.01
2025-12-11T06:19:40.141414,0.755,0.245,1.0
2025-12-11T06:19:40.747349,0.755,0.245,1.0
2025-12-11T06:19:41.346376,0.755,0.245,1.0
2025-12-11T06:19:41.945678,0.755,0.245,1.0
2025-12-11T06:19:42.552534,0.755,0.245,1.0
2025-12-11T06:19:43.178763,0.755,0.245,1.0
2025-12-11T06:19:43.799200,0.755,0.245,1.0
2025-12-11T06:19:44.403653,0.755,0.245,1.0
2025-12-11T06:19:45.014747,0.755,0.245,1.0
2025-12-11T06:19:45.626437,0.755,0.245,1.0
2025-12-11T06:19:46.256875,0.755,0.245,1.0
2025-12-11T06:19:46.857666,0.755,0.245,1.0
2025-12-11T06:19:47.460699,0.755,0.245,1.0
2025-12-11T06:19:48.068020,0.755,0.245,1.0
2025-12-11T06:19:47.108407,0.755,0.245,1.0
2025-12-11T06:19:47.707968,0.755,0.245,1.0
2025-12-11T06:19:48.320606,0.74,0.26,1.0
2025-12-11T06:19:48.919813,0.745,0.25,0.995
2025-12-11T06:19:49.520531,0.75,0.25,1.0
2025-12-11T06:19:50.114381,0.75,0.25,1.0
2025-12-11T06:19:50.731818,0.755,0.245,1.0
2025-12-11T06:19:51.337240,0.75,0.25,1.0
2025-12-11T06:19:51.931923,0.75,0.25,1.0
2025-12-11T06:19:52.537685,0.755,0.245,1.0
2025-12-11T06:19:53.143533,0.75,0.25,1.0
2025-12-11T06:19:53.756114,0.765,0.235,1.0
2025-12-11T06:19:54.366096,0.755,0.25,1.005
2025-12-11T06:19:54.970546,0.75,0.25,1.0
2025-12-11T06:19:55.570026,0.75,0.25,1.0
2025-12-11T06:19:56.177845,0.76,0.24,1.0
2025-12-11T06:19:56.786480,0.76,0.24,1.0
2025-12-11T06:19:57.387693,0.755,0.245,1.0
2025-12-11T06:19:57.998211,0.765,0.235,1.0
2025-12-11T06:19:58.600358,0.76,0.24,1.0
2025-12-11T06:19:59.209450,0.76,0.24,1.0
2025-12-11T06:19:59.815572,0.765,0.23,0.995
2025-12-11T06:20:00.430126,0.775,0.225,1.0
2025-12-11T06:20:01.037807,0.775,0.225,1.0
2025-12-11T06:20:01.639789,0.775,0.225,1.0
2025-12-11T06:20:02.242082,0.775,0.225,1.0
2025-12-11T06:20:02.854721,0.805,0.195,1.0
2025-12-11T06:20:03.453744,0.805,0.195,1.0
2025-12-11T06:20:04.062218,0.805,0.195,1.0
2025-12-11T06:20:04.677003,0.805,0.195,1.0
2025-12-11T06:20:05.282596,0.805,0.185,0.99
2025-12-11T06:20:05.897608,0.825,0.175,1.0
2025-12-11T06:20:06.517836,0.835,0.165,1.0
2025-12-11T06:20:07.126082,0.83,0.17,1.0
2025-12-11T06:20:07.734743,0.825,0.175,1.0
2025-12-11T06:20:08.335897,0.835,0.165,1.0
2025-12-11T06:20:08.939300,0.84,0.16,1.0
2025-12-11T06:20:09.547493,0.835,0.17,1.005
2025-12-11T06:20:10.152736,0.83,0.17,1.0
2025-12-11T06:20:10.751024,0.83,0.17,1.0
2025-12-11T06:20:11.349112,0.825,0.175,1.0
2025-12-11T06:20:11.947609,0.825,0.175,1.0
2025-12-11T06:20:12.560649,0.825,0.175,1.0
2025-12-11T06:20:13.157108,0.825,0.175,1.0
2025-12-11T06:20:13.767300,0.825,0.175,1.0
2025-12-11T06:20:14.375325,0.825,0.175,1.0
2025-12-11T06:20:14.977693,0.825,0.175,1.0
2025-12-11T06:20:15.577262,0.825,0.175,1.0
2025-12-11T06:20:16.183445,0.835,0.165,1.0
2025-12-11T06:20:16.779985,0.835,0.165,1.0
2025-12-11T06:20:17.375717,0.835,0.165,1.0
2025-12-11T06:20:18.006830,0.835,0.165,1.0
2025-12-11T06:20:18.611484,0.825,0.175,1.0
2025-12-11T06:20:17.638032,0.825,0.175,1.0
2025-12-11T06:20:18.236617,0.825,0.175,1.0
2025-12-11T06:20:18.836307,0.825,0.175,1.0
2025-12-11T06:20:19.430866,0.825,0.175,1.0
2025-12-11T06:20:20.036551,0.815,0.185,1.0
2025-12-11T06:20:20.640127,0.815,0.185,1.0
2025-12-11T06:20:21.236537,0.805,0.195,1.0
2025-12-11T06:20:21.848103,0.795,0.205,1.0
2025-12-11T06:20:22.460360,0.8,0.2,1.0
2025-12-11T06:20:23.067215,0.805,0.195,1.0
2025-12-11T06:20:23.663979,0.81,0.19,1.0
2025-12-11T06:20:24.262979,0.815,0.185,1.0
2025-12-11T06:20:24.870764,0.825,0.17,0.995
2025-12-11T06:20:25.468116,0.83,0.17,1.0
2025-12-11T06:20:26.071070,0.83,0.17,1.0
2025-12-11T06:20:26.674198,0.825,0.175,1.0
2025-12-11T06:20:27.292543,0.845,0.155,1.0
2025-12-11T06:20:27.897869,0.845,0.155,1.0
2025-12-11T06:20:28.500316,0.845,0.155,1.0
2025-12-11T06:20:29.107370,0.845,0.155,1.0
2025-12-11T06:20:29.728932,0.845,0.155,1.0
2025-12-11T06:20:30.328077,0.835,0.165,1.0
2025-12-11T06:20:30.944219,0.835,0.165,1.0
2025-12-11T06:20:31.549841,0.825,0.175,1.0
2025-12-11T06:20:32.164908,0.825,0.175,1.0
2025-12-11T06:20:32.770913,0.825,0.175,1.0
2025-12-11T06:20:33.392752,0.835,0.165,1.0
2025-12-11T06:20:33.994120,0.83,0.17,1.0
2025-12-11T06:20:34.592542,0.825,0.175,1.0
2025-12-11T06:20:35.204207,0.835,0.165,1.0
2025-12-11T06:20:35.816106,0.835,0.165,1.0
2025-12-11T06:20:36.409926,0.835,0.165,1.0
2025-12-11T06:20:37.019811,0.835,0.165,1.0
2025-12-11T06:20:37.624451,0.835,0.165,1.0
2025-12-11T06:20:38.235005,0.835,0.165,1.0
2025-12-11T06:20:38.837581,0.835,0.165,1.0
2025-12-11T06:20:39.459645,0.835,0.165,1.0
2025-12-11T06:20:40.064298,0.835,0.165,1.0
2025-12-11T06:20:40.671949,0.835,0.165,1.0
2025-12-11T06:20:41.274617,0.845,0.155,1.0
2025-12-11T06:20:41.885820,0.845,0.155,1.0
2025-12-11T06:20:42.497461,0.845,0.155,1.0
2025-12-11T06:20:43.094212,0.845,0.155,1.0
2025-12-11T06:20:43.699096,0.845,0.16,1.005
2025-12-11T06:20:44.307818,0.83,0.17,1.0
2025-12-11T06:20:44.906112,0.835,0.165,1.0
2025-12-11T06:20:45.518480,0.835,0.165,1.0
2025-12-11T06:20:46.116702,0.835,0.165,1.0
2025-12-11T06:20:46.729602,0.83,0.17,1.0
2025-12-11T06:20:47.331839,0.845,0.155,1.0
2025-12-11T06:20:47.932606,0.84,0.16,1.0
2025-12-11T06:20:48.642526,0.825,0.185,1.01
2025-12-11T06:20:49.246666,0.815,0.185,1.0
2025-12-11T06:20:48.292692,0.815,0.185,1.0
2025-12-11T06:20:48.889911,0.815,0.185,1.0
2025-12-11T06:20:49.602864,0.815,0.18,0.9949999999999999
2025-12-11T06:20:50.214081,0.82,0.18,1.0
2025-12-11T06:20:50.824685,0.82,0.175,0.9949999999999999
2025-12-11T06:20:51.421910,0.825,0.175,1.0
2025-12-11T06:20:52.022995,0.825,0.175,1.0
2025-12-11T06:20:52.630945,0.835,0.165,1.0
2025-12-11T06:20:53.229091,0.85,0.15,1.0
2025-12-11T06:20:53.828381,0.85,0.15,1.0
2025-12-11T06:20:54.427396,0.85,0.15,1.0
2025-12-11T06:20:55.026393,0.85,0.15,1.0
2025-12-11T06:20:55.640870,0.85,0.145,0.995
2025-12-11T06:20:56.258020,0.835,0.165,1.0
2025-12-11T06:20:56.856102,0.85,0.15,1.0
2025-12-11T06:20:57.470222,0.835,0.16,0.995
2025-12-11T06:20:58.078029,0.84,0.16,1.0
2025-12-11T06:20:58.683222,0.84,0.16,1.0
2025-12-11T06:20:59.291929,0.84,0.16,1.0
2025-12-11T06:20:59.893618,0.84,0.16,1.0
2025-12-11T06:21:00.504165,0.84,0.16,1.0
2025-12-11T06:21:01.114077,0.84,0.16,1.0
2025-12-11T06:21:01.723753,0.835,0.165,1.0
2025-12-11T06:21:02.336858,0.835,0.165,1.0
2025-12-11T06:21:02.946753,0.835,0.165,1.0
2025-12-11T06:21:03.543062,0.835,0.165,1.0
2025-12-11T06:21:04.139208,0.835,0.165,1.0
2025-12-11T06:21:04.737067,0.835,0.165,1.0
2025-12-11T06:21:05.334136,0.835,0.165,1.0
2025-12-11T06:21:05.941869,0.835,0.165,1.0
2025-12-11T06:21:06.540337,0.835,0.165,1.0
2025-12-11T06:21:07.158498,0.835,0.165,1.0
2025-12-11T06:21:07.765179,0.835,0.165,1.0
2025-12-11T06:21:08.367203,0.835,0.165,1.0
2025-12-11T06:21:08.977439,0.835,0.165,1.0
2025-12-11T06:21:09.583772,0.835,0.165,1.0
2025-12-11T06:21:10.188246,0.835,0.165,1.0
2025-12-11T06:21:10.792536,0.835,0.165,1.0
2025-12-11T06:21:11.399282,0.845,0.155,1.0
2025-12-11T06:21:12.006094,0.845,0.155,1.0
2025-12-11T06:21:12.605465,0.84,0.16,1.0
2025-12-11T06:21:13.228174,0.835,0.165,1.0
2025-12-11T06:21:13.842566,0.835,0.165,1.0
2025-12-11T06:21:14.461300,0.84,0.155,0.995
2025-12-11T06:21:15.070798,0.845,0.155,1.0
2025-12-11T06:21:15.684880,0.85,0.15,1.0
2025-12-11T06:21:16.305290,0.855,0.145,1.0
2025-12-11T06:21:16.908284,0.855,0.145,1.0
2025-12-11T06:21:17.524002,0.855,0.145,1.0
2025-12-11T06:21:18.128255,0.855,0.145,1.0
2025-12-11T06:21:18.726449,0.855,0.145,1.0
2025-12-11T06:21:19.334606,0.855,0.145,1.0
2025-12-11T06:21:19.941680,0.855,0.145,1.0
2025-12-11T06:21:18.961792,0.855,0.145,1.0
2025-12-11T06:21:19.576077,0.855,0.145,1.0
2025-12-11T06:21:20.189200,0.855,0.145,1.0
2025-12-11T06:21:20.786413,0.855,0.145,1.0
2025-12-11T06:21:21.412083,0.855,0.145,1.0
2025-12-11T06:21:22.020495,0.855,0.145,1.0
2025-12-11T06:21:22.636982,0.855,0.145,1.0
2025-12-11T06:21:23.250576,0.855,0.145,1.0
2025-12-11T06:21:23.867251,0.855,0.145,1.0
2025-12-11T06:21:24.465582,0.855,0.145,1.0
2025-12-11T06:21:25.080237,0.855,0.145,1.0
2025-12-11T06:21:25.688073,0.865,0.135,1.0
2025-12-11T06:21:26.301019,0.865,0.135,1.0
2025-12-11T06:21:26.907481,0.875,0.125,1.0
2025-12-11T06:21:27.512860,0.875,0.125,1.0
2025-12-11T06:21:28.121242,0.875,0.125,1.0
2025-12-11T06:21:28.733348,0.875,0.125,1.0
2025-12-11T06:21:29.336206,0.875,0.125,1.0
2025-12-11T06:21:29.944593,0.885,0.115,1.0
2025-12-11T06:21:30.562376,0.895,0.105,1.0
2025-12-11T06:21:31.182537,0.895,0.105,1.0
2025-12-11T06:21:31.776719,0.895,0.105,1.0
2025-12-11T06:21:32.394629,0.895,0.105,1.0
2025-12-11T06:21:33.002318,0.895,0.095,0.99
2025-12-11T06:21:33.611035,0.905,0.095,1.0
2025-12-11T06:21:34.208073,0.905,0.095,1.0
2025-12-11T06:21:34.819195,0.905,0.095,1.0
2025-12-11T06:21:35.424627,0.905,0.095,1.0
2025-12-11T06:21:36.024765,0.905,0.095,1.0
2025-12-11T06:21:36.630282,0.905,0.095,1.0
2025-12-11T06:21:37.252317,0.905,0.095,1.0
2025-12-11T06:21:37.850446,0.91,0.09,1.0
2025-12-11T06:21:38.456817,0.915,0.085,1.0
2025-12-11T06:21:39.061428,0.915,0.085,1.0
2025-12-11T06:21:39.665594,0.91,0.09,1.0
2025-12-11T06:21:40.270783,0.91,0.09,1.0
2025-12-11T06:21:40.867821,0.91,0.09,1.0
2025-12-11T06:21:41.467111,0.915,0.085,1.0
2025-12-11T06:21:42.067149,0.915,0.085,1.0
2025-12-11T06:21:42.667269,0.915,0.085,1.0
2025-12-11T06:21:43.271144,0.915,0.085,1.0
2025-12-11T06:21:43.886298,0.915,0.085,1.0
2025-12-11T06:21:44.487868,0.915,0.085,1.0
2025-12-11T06:21:45.094220,0.915,0.085,1.0
2025-12-11T06:21:45.700184,0.915,0.085,1.0
2025-12-11T06:21:46.307509,0.915,0.085,1.0
2025-12-11T06:21:46.944480,0.915,0.085,1.0
2025-12-11T06:21:47.543043,0.915,0.085,1.0
2025-12-11T06:21:48.140253,0.915,0.085,1.0
2025-12-11T06:21:48.745763,0.915,0.085,1.0
2025-12-11T06:21:49.350105,0.915,0.085,1.0
2025-12-11T06:21:49.951833,0.915,0.085,1.0
2025-12-11T06:21:50.573177,0.915,0.085,1.0
2025-12-11T06:21:49.606980,0.915,0.085,1.0
2025-12-11T06:21:50.204525,0.915,0.085,1.0
2025-12-11T06:21:50.817425,0.915,0.085,1.0
2025-12-11T06:21:51.419463,0.915,0.085,1.0
2025-12-11T06:21:52.030072,0.915,0.085,1.0
2025-12-11T06:21:52.625668,0.915,0.085,1.0
2025-12-11T06:21:53.227182,0.915,0.085,1.0
2025-12-11T06:21:53.839701,0.915,0.085,1.0
2025-12-11T06:21:54.442156,0.915,0.085,1.0
2025-12-11T06:21:55.052072,0.915,0.085,1.0
2025-12-11T06:21:55.661330,0.915,0.085,1.0
2025-12-11T06:21:56.271786,0.915,0.085,1.0
2025-12-11T06:21:56.869744,0.915,0.085,1.0
2025-12-11T06:21:57.730107,0.92,0.075,0.995
2025-12-11T06:21:58.327110,0.925,0.075,1.0
2025-12-11T06:21:58.930312,0.925,0.075,1.0
2025-12-11T06:21:59.538725,0.92,0.075,0.995
2025-12-11T06:22:00.149396,0.925,0.075,1.0
2025-12-11T06:22:00.756407,0.925,0.075,1.0
2025-12-11T06:22:01.365749,0.925,0.075,1.0
2025-12-11T06:22:01.976526,0.925,0.075,1.0
2025-12-11T06:22:02.584283,0.93,0.07,1.0
2025-12-11T06:22:03.252590,0.935,0.065,1.0
2025-12-11T06:22:03.863907,0.935,0.065,1.0
2025-12-11T06:22:04.473348,0.935,0.065,1.0
2025-12-11T06:22:05.081527,0.935,0.065,1.0
2025-12-11T06:22:05.693201,0.935,0.065,1.0
2025-12-11T06:22:06.303442,0.935,0.065,1.0
2025-12-11T06:22:06.914634,0.935,0.065,1.0
2025-12-11T06:22:07.522305,0.935,0.065,1.0
2025-12-11T06:22:08.134424,0.935,0.065,1.0
2025-12-11T06:22:08.733985,0.935,0.065,1.0
2025-12-11T06:22:09.338739,0.935,0.065,1.0
2025-12-11T06:22:09.947418,0.935,0.065,1.0
2025-12-11T06:22:10.551359,0.935,0.065,1.0
2025-12-11T06:22:11.152860,0.935,0.065,1.0
2025-12-11T06:22:11.757165,0.935,0.065,1.0
2025-12-11T06:22:12.362568,0.935,0.065,1.0
2025-12-11T06:22:12.957061,0.935,0.065,1.0
2025-12-11T06:22:13.561377,0.935,0.065,1.0
2025-12-11T06:22:14.160713,0.935,0.065,1.0
2025-12-11T06:22:14.771165,0.935,0.065,1.0
2025-12-11T06:22:15.367853,0.935,0.065,1.0
2025-12-11T06:22:15.970436,0.935,0.065,1.0
2025-12-11T06:22:16.579457,0.935,0.065,1.0
2025-12-11T06:22:17.179634,0.935,0.065,1.0
2025-12-11T06:22:17.781685,0.945,0.055,1.0
2025-12-11T06:22:18.382626,0.945,0.06,1.005
2025-12-11T06:22:18.975074,0.945,0.055,1.0
2025-12-11T06:22:19.577770,0.945,0.055,1.0
2025-12-11T06:22:20.179789,0.955,0.045,1.0
2025-12-11T06:22:20.784248,0.955,0.045,1.0
2025-12-11T06:22:21.400851,0.955,0.045,1.0
2025-12-11T06:22:20.438815,0.965,0.035,1.0
2025-12-11T06:22:21.050727,0.96,0.04,1.0
2025-12-11T06:22:21.646802,0.955,0.045,1.0
2025-12-11T06:22:22.261042,0.955,0.045,1.0
2025-12-11T06:22:22.873213,0.955,0.045,1.0
2025-12-11T06:22:23.472427,0.96,0.04,1.0
2025-12-11T06:22:24.069623,0.955,0.045,1.0
2025-12-11T06:22:24.667581,0.955,0.045,1.0
2025-12-11T06:22:25.267456,0.95,0.055,1.005
2025-12-11T06:22:25.881149,0.945,0.055,1.0
2025-12-11T06:22:26.478282,0.945,0.055,1.0
2025-12-11T06:22:27.091667,0.945,0.055,1.0
2025-12-11T06:22:27.695019,0.945,0.055,1.0
2025-12-11T06:22:28.296272,0.945,0.055,1.0
2025-12-11T06:22:28.892712,0.945,0.055,1.0
2025-12-11T06:22:29.492097,0.955,0.045,1.0
2025-12-11T06:22:30.100247,0.955,0.045,1.0
2025-12-11T06:22:30.708665,0.955,0.045,1.0
2025-12-11T06:22:31.307780,0.955,0.045,1.0
2025-12-11T06:22:31.912146,0.955,0.045,1.0
2025-12-11T06:22:32.539365,0.955,0.045,1.0
2025-12-11T06:22:33.148617,0.955,0.045,1.0
2025-12-11T06:22:33.769986,0.955,0.045,1.0
2025-12-11T06:22:34.380791,0.955,0.045,1.0
2025-12-11T06:22:35.044219,0.955,0.045,1.0
2025-12-11T06:22:35.662588,0.955,0.04,0.995
2025-12-11T06:22:36.273244,0.955,0.045,1.0
2025-12-11T06:22:36.888123,0.955,0.045,1.0
2025-12-11T06:22:37.481816,0.945,0.055,1.0
2025-12-11T06:22:38.084877,0.945,0.055,1.0
2025-12-11T06:22:38.683133,0.945,0.055,1.0
2025-12-11T06:22:39.292884,0.945,0.055,1.0
2025-12-11T06:22:39.905160,0.945,0.055,1.0
2025-12-11T06:22:40.510047,0.955,0.045,1.0
2025-12-11T06:22:41.116886,0.945,0.055,1.0
2025-12-11T06:22:41.742370,0.945,0.055,1.0
2025-12-11T06:22:42.348422,0.95,0.05,1.0
2025-12-11T06:22:42.952247,0.955,0.045,1.0
2025-12-11T06:22:43.551268,0.95,0.05,1.0
2025-12-11T06:22:44.152176,0.945,0.055,1.0
2025-12-11T06:22:44.760260,0.945,0.055,1.0
2025-12-11T06:22:45.357475,0.945,0.055,1.0
2025-12-11T06:22:45.961285,0.945,0.055,1.0
2025-12-11T06:22:46.560003,0.945,0.055,1.0
2025-12-11T06:22:47.169451,0.955,0.045,1.0
2025-12-11T06:22:47.767341,0.955,0.045,1.0
2025-12-11T06:22:48.368398,0.955,0.045,1.0
2025-12-11T06:22:48.976933,0.955,0.045,1.0
2025-12-11T06:22:49.579850,0.955,0.045,1.0
2025-12-11T06:22:50.178835,0.955,0.045,1.0
2025-12-11T06:22:50.789468,0.955,0.04,0.995
2025-12-11T06:22:51.433034,0.965,0.035,1.0
2025-12-11T06:22:52.044095,0.965,0.035,1.0
2025-12-11T06:22:51.073948,0.965,0.035,1.0
2025-12-11T06:22:51.684047,0.965,0.035,1.0
2025-12-11T06:22:52.287880,0.965,0.035,1.0
2025-12-11T06:22:52.904422,0.965,0.035,1.0
2025-12-11T06:22:53.527821,0.965,0.035,1.0
2025-12-11T06:22:54.138211,0.965,0.035,1.0
2025-12-11T06:22:54.747604,0.965,0.035,1.0
2025-12-11T06:22:55.352509,0.965,0.035,1.0
2025-12-11T06:22:55.966389,0.965,0.035,1.0
2025-12-11T06:22:56.564798,0.965,0.035,1.0
2025-12-11T06:22:57.179479,0.965,0.035,1.0
2025-12-11T06:22:57.801469,0.965,0.035,1.0
2025-12-11T06:22:58.404337,0.965,0.035,1.0
2025-12-11T06:22:59.017052,0.965,0.035,1.0
2025-12-11T06:22:59.635407,0.965,0.035,1.0
2025-12-11T06:23:00.243667,0.975,0.025,1.0
2025-12-11T06:23:00.845783,0.975,0.025,1.0
2025-12-11T06:23:01.440823,0.975,0.025,1.0
2025-12-11T06:23:02.051320,0.975,0.025,1.0
2025-12-11T06:23:02.658437,0.965,0.035,1.0
2025-12-11T06:23:03.262324,0.965,0.035,1.0
2025-12-11T06:23:03.875124,0.965,0.035,1.0
2025-12-11T06:23:04.480557,0.97,0.03,1.0
2025-12-11T06:23:05.089758,0.975,0.025,1.0
2025-12-11T06:23:05.697857,0.975,0.025,1.0
2025-12-11T06:23:06.300260,0.975,0.025,1.0
2025-12-11T06:23:06.902948,0.975,0.025,1.0
2025-12-11T06:23:07.500385,0.975,0.025,1.0
2025-12-11T06:23:08.102157,0.975,0.025,1.0
2025-12-11T06:23:08.709080,0.975,0.025,1.0
2025-12-11T06:23:09.313542,0.975,0.025,1.0
2025-12-11T06:23:09.918802,0.975,0.025,1.0
2025-12-11T06:23:10.524985,0.975,0.025,1.0
2025-12-11T06:23:11.122027,0.975,0.025,1.0
2025-12-11T06:23:11.726258,0.975,0.025,1.0
2025-12-11T06:23:12.320070,0.975,0.025,1.0
2025-12-11T06:23:12.926014,0.975,0.025,1.0
2025-12-11T06:23:13.533013,0.975,0.025,1.0
2025-12-11T06:23:14.146666,0.975,0.025,1.0
2025-12-11T06:23:14.758944,0.975,0.025,1.0
2025-12-11T06:23:15.365841,0.975,0.025,1.0
2025-12-11T06:23:15.972336,0.975,0.025,1.0
2025-12-11T06:23:16.578722,0.975,0.025,1.0
2025-12-11T06:23:17.183766,0.975,0.025,1.0
2025-12-11T06:23:17.788714,0.975,0.025,1.0
2025-12-11T06:23:18.421091,0.975,0.025,1.0
2025-12-11T06:23:19.027012,0.975,0.025,1.0
2025-12-11T06:23:19.633113,0.975,0.025,1.0
2025-12-11T06:23:20.239629,0.975,0.025,1.0
2025-12-11T06:23:20.843178,0.975,0.025,1.0
2025-12-11T06:23:21.439551,0.975,0.025,1.0
2025-12-11T06:23:22.044636,0.975,0.025,1.0
2025-12-11T06:23:22.651370,0.975,0.025,1.0
2025-12-11T06:23:21.681948,0.975,0.025,1.0
2025-12-11T06:23:22.286107,0.975,0.025,1.0
2025-12-11T06:23:22.892906,0.975,0.025,1.0
2025-12-11T06:23:23.505435,0.975,0.025,1.0
2025-12-11T06:23:24.107110,0.975,0.025,1.0
2025-12-11T06:23:24.700773,0.975,0.025,1.0
2025-12-11T06:23:25.301724,0.975,0.025,1.0
2025-12-11T06:23:25.909641,0.975,0.025,1.0
2025-12-11T06:23:26.534723,0.975,0.025,1.0
2025-12-11T06:23:27.139281,0.975,0.025,1.0
2025-12-11T06:23:27.748954,0.975,0.025,1.0
2025-12-11T06:23:28.354991,0.975,0.025,1.0
2025-12-11T06:23:28.973955,0.975,0.025,1.0
2025-12-11T06:23:29.719069,0.975,0.025,1.0
2025-12-11T06:23:30.312031,0.975,0.025,1.0
2025-12-11T06:23:30.931584,0.975,0.025,1.0
2025-12-11T06:23:31.534514,0.975,0.025,1.0
2025-12-11T06:23:32.128351,0.975,0.025,1.0
2025-12-11T06:23:32.741223,0.975,0.025,1.0
2025-12-11T06:23:33.348949,0.975,0.025,1.0
2025-12-11T06:23:33.959705,0.975,0.025,1.0
2025-12-11T06:23:34.558474,0.975,0.025,1.0
2025-12-11T06:23:35.197561,0.975,0.025,1.0
2025-12-11T06:23:35.811454,0.975,0.025,1.0
2025-12-11T06:23:36.426918,0.975,0.025,1.0
2025-12-11T06:23:37.029874,0.97,0.02,0.99
2025-12-11T06:23:37.630688,0.98,0.02,1.0
2025-12-11T06:23:38.230164,0.98,0.02,1.0
2025-12-11T06:23:38.868012,0.965,0.035,1.0
2025-12-11T06:23:39.486257,0.965,0.035,1.0
2025-12-11T06:23:40.091830,0.965,0.035,1.0
2025-12-11T06:23:40.690146,0.965,0.035,1.0
2025-12-11T06:23:41.287364,0.965,0.035,1.0
2025-12-11T06:23:41.888734,0.965,0.035,1.0
2025-12-11T06:23:42.493751,0.965,0.035,1.0
2025-12-11T06:23:43.099415,0.965,0.035,1.0
2025-12-11T06:23:43.711457,0.965,0.035,1.0
2025-12-11T06:23:44.320596,0.965,0.035,1.0
2025-12-11T06:23:44.928404,0.965,0.035,1.0
2025-12-11T06:23:45.533398,0.965,0.035,1.0
2025-12-11T06:23:46.155002,0.97,0.03,1.0
2025-12-11T06:23:46.771128,0.975,0.025,1.0
2025-12-11T06:23:47.381972,0.97,0.035,1.005
2025-12-11T06:23:47.986429,0.965,0.035,1.0
2025-12-11T06:23:48.595555,0.965,0.035,1.0
2025-12-11T06:23:49.203037,0.965,0.035,1.0
2025-12-11T06:23:49.808723,0.965,0.035,1.0
2025-12-11T06:23:50.429647,0.965,0.035,1.0
2025-12-11T06:23:51.035418,0.965,0.035,1.0
2025-12-11T06:23:51.643530,0.965,0.035,1.0
2025-12-11T06:23:52.251843,0.965,0.035,1.0
2025-12-11T06:23:52.863320,0.965,0.035,1.0
2025-12-11T06:23:53.467369,0.965,0.035,1.0
2025-12-11T06:23:52.498654,0.965,0.035,1.0
2025-12-11T06:23:53.104154,0.965,0.035,1.0
2025-12-11T06:23:53.701282,0.965,0.035,1.0
2025-12-11T06:23:54.311959,0.965,0.035,1.0
2025-12-11T06:23:55.543016,0.965,0.035,1.0
2025-12-11T06:23:56.143314,0.965,0.035,1.0
2025-12-11T06:23:56.749264,0.965,0.035,1.0
2025-12-11T06:23:57.353072,0.965,0.035,1.0
2025-12-11T06:23:57.952382,0.965,0.035,1.0
2025-12-11T06:23:58.557565,0.965,0.035,1.0
2025-12-11T06:23:59.164109,0.965,0.035,1.0
2025-12-11T06:23:59.769655,0.965,0.035,1.0
2025-12-11T06:24:00.373323,0.965,0.035,1.0
2025-12-11T06:24:00.976609,0.965,0.035,1.0
2025-12-11T06:24:01.576105,0.965,0.035,1.0
2025-12-11T06:24:02.174715,0.965,0.035,1.0
2025-12-11T06:24:02.779622,0.965,0.035,1.0
2025-12-11T06:24:03.381163,0.965,0.035,1.0
2025-12-11T06:24:03.993306,0.965,0.035,1.0
2025-12-11T06:24:04.600034,0.965,0.035,1.0
2025-12-11T06:24:05.208440,0.975,0.025,1.0
2025-12-11T06:24:05.851925,0.975,0.025,1.0
2025-12-11T06:24:06.445037,0.985,0.015,1.0
2025-12-11T06:24:07.051524,0.985,0.02,1.005
2025-12-11T06:24:07.677624,0.975,0.025,1.0
2025-12-11T06:24:08.268040,0.975,0.025,1.0
2025-12-11T06:24:08.872230,0.965,0.035,1.0
2025-12-11T06:24:09.481058,0.97,0.03,1.0
2025-12-11T06:24:10.088168,0.97,0.03,1.0
2025-12-11T06:24:10.694018,0.97,0.03,1.0
2025-12-11T06:24:11.310600,0.97,0.03,1.0
2025-12-11T06:24:11.918952,0.97,0.03,1.0
2025-12-11T06:24:12.520151,0.97,0.025,0.995
2025-12-11T06:24:13.134658,0.97,0.03,1.0
2025-12-11T06:24:13.736783,0.97,0.03,1.0
2025-12-11T06:24:14.351178,0.975,0.025,1.0
2025-12-11T06:24:14.961083,0.98,0.02,1.0
2025-12-11T06:24:15.579390,0.985,0.015,1.0
2025-12-11T06:24:16.186533,0.985,0.015,1.0
2025-12-11T06:24:16.785880,0.985,0.015,1.0
2025-12-11T06:24:17.384410,0.985,0.015,1.0
2025-12-11T06:24:17.990167,0.985,0.015,1.0
2025-12-11T06:24:18.593461,0.985,0.015,1.0
2025-12-11T06:24:19.203868,0.985,0.015,1.0
2025-12-11T06:24:19.805875,0.985,0.015,1.0
2025-12-11T06:24:20.411968,0.985,0.015,1.0
2025-12-11T06:24:21.016875,0.98,0.015,0.995
2025-12-11T06:24:21.629822,0.985,0.015,1.0
2025-12-11T06:24:22.254339,0.985,0.015,1.0
2025-12-11T06:24:22.846892,0.985,0.015,1.0
2025-12-11T06:24:23.452023,0.985,0.015,1.0
2025-12-11T06:24:24.050789,0.985,0.015,1.0
2025-12-11T06:24:23.092251,0.985,0.015,1.0
2025-12-11T06:24:23.707661,0.985,0.015,1.0
2025-12-11T06:24:24.310362,0.985,0.015,1.0
2025-12-11T06:24:24.908581,0.985,0.015,1.0
2025-12-11T06:24:25.514516,0.985,0.015,1.0
2025-12-11T06:24:26.119872,0.985,0.015,1.0
2025-12-11T06:24:26.718709,0.985,0.015,1.0
2025-12-11T06:24:27.322334,0.985,0.015,1.0
2025-12-11T06:24:27.943972,0.985,0.015,1.0
2025-12-11T06:24:28.546496,0.985,0.015,1.0
2025-12-11T06:24:29.148286,0.985,0.015,1.0
2025-12-11T06:24:29.748378,0.985,0.015,1.0
2025-12-11T06:24:30.355675,0.985,0.015,1.0
2025-12-11T06:24:30.955589,0.985,0.015,1.0
2025-12-11T06:24:31.560689,0.985,0.015,1.0
2025-12-11T06:24:32.169542,0.975,0.025,1.0
2025-12-11T06:24:32.773033,0.975,0.025,1.0
2025-12-11T06:24:33.369284,0.975,0.025,1.0
2025-12-11T06:24:33.978013,0.975,0.025,1.0
2025-12-11T06:24:34.577717,0.975,0.025,1.0
2025-12-11T06:24:35.180094,0.975,0.025,1.0
2025-12-11T06:24:35.795124,0.975,0.025,1.0
2025-12-11T06:24:36.398645,0.975,0.025,1.0
2025-12-11T06:24:37.005220,0.975,0.025,1.0
2025-12-11T06:24:37.605368,0.975,0.025,1.0
2025-12-11T06:24:38.215006,0.975,0.025,1.0
2025-12-11T06:24:38.809388,0.975,0.025,1.0
2025-12-11T06:24:39.418495,0.975,0.025,1.0
2025-12-11T06:24:40.024248,0.975,0.025,1.0
2025-12-11T06:24:40.631408,0.98,0.015,0.995
2025-12-11T06:24:41.231782,0.985,0.015,1.0
2025-12-11T06:24:41.833897,0.985,0.015,1.0
2025-12-11T06:24:42.433785,0.985,0.015,1.0
2025-12-11T06:24:43.043579,0.985,0.015,1.0
2025-12-11T06:24:43.642244,0.985,0.015,1.0
2025-12-11T06:24:44.236534,0.985,0.015,1.0
2025-12-11T06:24:44.832572,0.985,0.015,1.0
2025-12-11T06:24:45.438525,0.985,0.015,1.0
2025-12-11T06:24:46.043579,0.985,0.015,1.0
2025-12-11T06:24:46.641398,0.985,0.015,1.0
2025-12-11T06:24:47.246288,0.985,0.015,1.0
2025-12-11T06:24:47.847524,0.985,0.015,1.0
2025-12-11T06:24:48.445689,0.985,0.015,1.0
2025-12-11T06:24:49.047201,0.975,0.025,1.0
2025-12-11T06:24:49.646481,0.975,0.015,0.99
2025-12-11T06:24:50.250690,0.98,0.02,1.0
2025-12-11T06:24:50.858094,0.975,0.025,1.0
2025-12-11T06:24:51.464172,0.985,0.015,1.0
2025-12-11T06:24:52.073019,0.985,0.015,1.0
2025-12-11T06:24:52.674758,0.985,0.015,1.0
2025-12-11T06:24:53.276146,0.985,0.015,1.0
2025-12-11T06:24:53.877435,0.985,0.015,1.0
2025-12-11T06:24:54.482052,0.985,0.015,1.0
2025-12-11T06:24:55.085791,0.985,0.015,1.0
2025-12-11T06:24:54.093716,0.975,0.025,1.0
2025-12-11T06:24:54.698670,0.975,0.025,1.0
2025-12-11T06:24:55.302843,0.975,0.025,1.0
2025-12-11T06:24:55.923856,0.975,0.025,1.0
2025-12-11T06:24:56.526505,0.975,0.025,1.0
2025-12-11T06:24:57.127075,0.975,0.025,1.0
2025-12-11T06:24:57.727990,0.975,0.025,1.0
2025-12-11T06:24:58.340685,0.975,0.025,1.0
2025-12-11T06:24:58.936392,0.975,0.025,1.0
2025-12-11T06:24:59.532474,0.975,0.025,1.0
2025-12-11T06:25:00.132316,0.975,0.025,1.0
2025-12-11T06:25:00.731573,0.985,0.015,1.0
2025-12-11T06:25:01.326663,0.985,0.015,1.0
2025-12-11T06:25:01.919184,0.985,0.015,1.0
2025-12-11T06:25:02.522405,0.985,0.015,1.0
2025-12-11T06:25:03.133696,0.985,0.015,1.0
2025-12-11T06:25:03.735605,0.985,0.015,1.0
2025-12-11T06:25:04.337707,0.985,0.015,1.0
2025-12-11T06:25:04.939302,0.985,0.015,1.0
2025-12-11T06:25:05.534602,0.985,0.015,1.0
2025-12-11T06:25:06.143981,0.985,0.015,1.0
2025-12-11T06:25:06.748507,0.985,0.015,1.0
2025-12-11T06:25:07.351001,0.985,0.015,1.0
2025-12-11T06:25:07.957601,0.985,0.015,1.0
2025-12-11T06:25:08.565748,0.985,0.015,1.0
2025-12-11T06:25:09.169174,0.985,0.015,1.0
2025-12-11T06:25:09.769542,0.985,0.015,1.0
2025-12-11T06:25:10.373977,0.985,0.015,1.0
2025-12-11T06:25:10.980388,0.985,0.015,1.0
2025-12-11T06:25:11.582330,0.985,0.015,1.0
2025-12-11T06:25:12.183920,0.985,0.015,1.0
2025-12-11T06:25:12.786450,0.985,0.015,1.0
2025-12-11T06:25:13.393598,0.985,0.015,1.0
2025-12-11T06:25:13.996477,0.985,0.015,1.0
2025-12-11T06:25:14.593645,0.985,0.015,1.0
2025-12-11T06:25:15.207303,0.985,0.015,1.0
2025-12-11T06:25:15.806963,0.985,0.015,1.0
2025-12-11T06:25:16.409071,0.985,0.015,1.0
2025-12-11T06:25:17.013586,0.985,0.015,1.0
2025-12-11T06:25:17.608344,0.985,0.015,1.0
2025-12-11T06:25:18.210179,0.985,0.015,1.0
2025-12-11T06:25:18.810257,0.985,0.015,1.0
2025-12-11T06:25:19.414556,0.985,0.015,1.0
2025-12-11T06:25:20.006045,0.985,0.015,1.0
2025-12-11T06:25:20.606789,0.985,0.015,1.0
2025-12-11T06:25:21.212203,0.985,0.015,1.0
2025-12-11T06:25:21.811534,0.985,0.015,1.0
2025-12-11T06:25:22.411720,0.985,0.015,1.0
2025-12-11T06:25:23.017532,0.985,0.015,1.0
2025-12-11T06:25:23.623410,0.985,0.015,1.0
2025-12-11T06:25:24.223459,0.985,0.015,1.0
2025-12-11T06:25:24.823881,0.985,0.015,1.0
2025-12-11T06:25:25.668735,0.985,0.015,1.0
2025-12-11T06:25:24.699054,0.985,0.015,1.0
2025-12-11T06:25:25.295422,0.985,0.015,1.0
2025-12-11T06:25:25.897733,0.985,0.015,1.0
2025-12-11T06:25:26.506286,0.985,0.015,1.0
2025-12-11T06:25:27.106877,0.985,0.015,1.0
2025-12-11T06:25:27.706343,0.985,0.015,1.0
2025-12-11T06:25:28.301217,0.985,0.015,1.0
2025-12-11T06:25:28.898533,0.985,0.015,1.0
2025-12-11T06:25:29.499473,0.985,0.015,1.0
2025-12-11T06:25:30.106294,0.985,0.015,1.0
2025-12-11T06:25:30.712074,0.985,0.015,1.0
2025-12-11T06:25:31.320076,0.985,0.015,1.0
2025-12-11T06:25:31.992645,0.985,0.015,1.0
2025-12-11T06:25:32.603990,0.985,0.015,1.0
2025-12-11T06:25:33.199603,0.985,0.015,1.0
2025-12-11T06:25:33.802873,0.985,0.015,1.0
2025-12-11T06:25:34.408508,0.985,0.015,1.0
2025-12-11T06:25:35.010284,0.985,0.015,1.0
2025-12-11T06:25:35.621738,0.985,0.015,1.0
2025-12-11T06:25:36.219999,0.985,0.015,1.0
2025-12-11T06:25:36.821322,0.985,0.015,1.0
2025-12-11T06:25:37.421179,0.985,0.015,1.0
2025-12-11T06:25:38.019451,0.985,0.015,1.0
2025-12-11T06:25:38.617325,0.985,0.015,1.0
2025-12-11T06:25:39.211978,0.985,0.015,1.0
2025-12-11T06:25:39.807587,0.985,0.015,1.0
2025-12-11T06:25:40.407743,0.985,0.015,1.0
2025-12-11T06:25:41.003974,0.995,0.005,1.0
2025-12-11T06:25:41.605679,0.995,0.005,1.0
2025-12-11T06:25:42.203423,0.995,0.005,1.0
2025-12-11T06:25:42.820357,0.995,0.005,1.0
2025-12-11T06:25:43.485180,0.995,0.005,1.0
2025-12-11T06:25:44.096351,0.995,0.005,1.0
2025-12-11T06:25:44.700919,0.995,0.005,1.0
2025-12-11T06:25:45.304273,0.995,0.005,1.0
2025-12-11T06:25:45.908357,0.995,0.005,1.0
2025-12-11T06:25:46.509388,0.995,0.005,1.0
2025-12-11T06:25:47.113922,0.995,0.005,1.0
2025-12-11T06:25:47.721085,0.995,0.005,1.0
2025-12-11T06:25:48.328098,0.995,0.005,1.0
2025-12-11T06:25:48.928033,0.995,0.005,1.0
2025-12-11T06:25:49.537914,0.995,0.005,1.0
2025-12-11T06:25:50.139609,0.995,0.005,1.0
2025-12-11T06:25:50.738890,0.995,0.005,1.0
2025-12-11T06:25:51.338368,0.995,0.005,1.0
2025-12-11T06:25:51.932002,0.995,0.005,1.0
2025-12-11T06:25:52.534875,0.995,0.005,1.0
2025-12-11T06:25:53.136054,0.995,0.005,1.0
2025-12-11T06:25:53.741058,0.995,0.005,1.0
2025-12-11T06:25:54.344101,0.995,0.005,1.0
2025-12-11T06:25:54.948033,0.995,0.005,1.0
2025-12-11T06:25:55.547861,0.995,0.005,1.0
2025-12-11T06:25:56.150245,0.995,0.005,1.0
2025-12-11T06:25:55.199192,0.995,0.005,1.0
2025-12-11T06:25:55.806643,0.995,0.005,1.0
2025-12-11T06:25:56.409277,0.995,0.005,1.0
2025-12-11T06:25:57.010649,0.995,0.005,1.0
2025-12-11T06:25:57.611302,0.995,0.005,1.0
2025-12-11T06:25:58.216303,0.995,0.005,1.0
2025-12-11T06:25:58.817074,0.995,0.005,1.0
2025-12-11T06:25:59.434713,0.995,0.005,1.0
2025-12-11T06:26:00.034737,0.995,0.005,1.0
2025-12-11T06:26:00.626872,0.995,0.005,1.0
2025-12-11T06:26:01.226280,0.995,0.005,1.0
2025-12-11T06:26:01.825449,0.995,0.005,1.0
2025-12-11T06:26:02.424836,0.995,0.005,1.0
2025-12-11T06:26:03.022477,0.995,0.005,1.0
2025-12-11T06:26:03.627007,0.995,0.005,1.0
2025-12-11T06:26:04.228551,0.995,0.005,1.0
2025-12-11T06:26:04.838213,0.995,0.005,1.0
2025-12-11T06:26:05.438851,0.995,0.005,1.0
2025-12-11T06:26:06.044921,0.995,0.005,1.0
2025-12-11T06:26:06.643219,0.995,0.005,1.0
2025-12-11T06:26:07.267494,0.995,0.005,1.0
2025-12-11T06:26:07.878804,0.995,0.005,1.0
2025-12-11T06:26:08.479581,0.995,0.005,1.0
2025-12-11T06:26:09.078338,0.995,0.005,1.0
2025-12-11T06:26:09.689224,0.995,0.005,1.0
2025-12-11T06:26:10.297074,0.995,0.005,1.0
2025-12-11T06:26:10.904544,0.995,0.005,1.0
2025-12-11T06:26:11.518503,0.995,0.005,1.0
2025-12-11T06:26:12.123546,0.995,0.005,1.0
2025-12-11T06:26:12.736345,0.995,0.005,1.0
2025-12-11T06:26:13.338048,0.995,0.005,1.0
2025-12-11T06:26:13.954922,0.995,0.005,1.0
2025-12-11T06:26:14.574204,0.995,0.005,1.0
2025-12-11T06:26:15.170731,0.995,0.005,1.0
2025-12-11T06:26:15.782270,0.995,0.005,1.0
2025-12-11T06:26:16.392431,0.995,0.005,1.0
2025-12-11T06:26:17.004315,0.995,0.005,1.0
2025-12-11T06:26:17.605491,0.995,0.005,1.0
2025-12-11T06:26:18.213345,0.995,0.005,1.0
2025-12-11T06:26:18.814159,0.995,0.005,1.0
2025-12-11T06:26:19.418699,0.995,0.005,1.0
2025-12-11T06:26:20.022806,0.995,0.005,1.0
2025-12-11T06:26:20.636842,0.995,0.005,1.0
2025-12-11T06:26:21.233365,0.995,0.005,1.0
2025-12-11T06:26:21.844349,0.995,0.005,1.0
2025-12-11T06:26:22.455570,0.995,0.005,1.0
2025-12-11T06:26:23.061736,0.995,0.005,1.0
2025-12-11T06:26:23.661563,0.995,0.005,1.0
2025-12-11T06:26:24.273510,0.995,0.005,1.0
2025-12-11T06:26:24.873326,0.995,0.005,1.0
2025-12-11T06:26:25.483474,0.995,0.005,1.0
2025-12-11T06:26:26.080505,0.995,0.005,1.0
2025-12-11T06:26:26.677257,0.995,0.005,1.0
2025-12-11T06:26:25.655082,0.995,0.005,1.0
2025-12-11T06:26:26.250972,0.995,0.005,1.0
2025-12-11T06:26:26.859790,0.995,0.005,1.0
2025-12-11T06:26:27.475650,0.995,0.005,1.0
2025-12-11T06:26:28.079665,0.995,0.005,1.0
2025-12-11T06:26:28.685516,0.995,0.005,1.0
2025-12-11T06:26:29.279355,0.995,0.005,1.0
2025-12-11T06:26:29.886409,0.995,0.005,1.0
2025-12-11T06:26:30.542709,0.995,0.005,1.0
2025-12-11T06:26:31.149924,0.995,0.005,1.0
2025-12-11T06:26:31.761599,0.995,0.005,1.0
2025-12-11T06:26:32.352653,0.995,0.005,1.0
2025-12-11T06:26:32.948592,0.995,0.005,1.0
2025-12-11T06:26:33.548688,0.995,0.005,1.0
2025-12-11T06:26:34.155082,0.995,0.005,1.0
2025-12-11T06:26:34.750533,0.995,0.005,1.0
2025-12-11T06:26:35.351334,0.995,0.005,1.0
2025-12-11T06:26:35.944069,0.995,0.005,1.0
2025-12-11T06:26:36.543144,0.995,0.005,1.0
2025-12-11T06:26:37.141191,0.995,0.005,1.0
2025-12-11T06:26:37.735096,0.995,0.005,1.0
2025-12-11T06:26:38.351799,0.995,0.005,1.0
2025-12-11T06:26:38.961066,0.995,0.005,1.0
2025-12-11T06:26:39.556530,0.995,0.005,1.0
2025-12-11T06:26:40.176390,0.995,0.005,1.0
2025-12-11T06:26:40.776744,0.995,0.005,1.0
2025-12-11T06:26:41.410034,0.995,0.005,1.0
2025-12-11T06:26:42.025649,0.995,0.005,1.0
2025-12-11T06:26:42.627306,0.995,0.005,1.0
2025-12-11T06:26:43.241342,0.995,0.005,1.0
2025-12-11T06:26:43.853449,0.995,0.005,1.0
2025-12-11T06:26:44.468824,0.995,0.005,1.0
2025-12-11T06:26:45.074657,0.995,0.005,1.0
2025-12-11T06:26:45.668455,0.995,0.005,1.0
2025-12-11T06:26:46.280568,0.995,0.005,1.0
2025-12-11T06:26:46.872116,0.995,0.005,1.0
2025-12-11T06:26:47.465058,0.995,0.005,1.0
2025-12-11T06:26:48.073440,0.995,0.005,1.0
2025-12-11T06:26:48.698450,0.995,0.005,1.0
2025-12-11T06:26:49.307338,0.995,0.005,1.0
2025-12-11T06:26:49.907420,0.995,0.005,1.0
2025-12-11T06:26:50.517152,0.995,0.005,1.0
2025-12-11T06:26:51.108816,0.995,0.005,1.0
2025-12-11T06:26:51.714929,0.995,0.005,1.0
2025-12-11T06:26:52.319705,0.995,0.005,1.0
2025-12-11T06:26:52.917038,0.995,0.005,1.0
2025-12-11T06:26:53.526275,0.995,0.005,1.0
2025-12-11T06:26:54.124366,0.995,0.005,1.0
2025-12-11T06:26:54.724822,0.995,0.005,1.0
2025-12-11T06:26:55.324211,0.995,0.005,1.0
2025-12-11T06:26:55.934155,0.995,0.005,1.0
2025-12-11T06:26:56.537063,0.995,0.005,1.0
2025-12-11T06:26:57.132866,0.995,0.005,1.0
2025-12-11T06:26:56.153696,0.995,0.005,1.0
2025-12-11T06:26:56.750340,0.995,0.005,1.0
2025-12-11T06:26:57.356923,0.995,0.005,1.0
2025-12-11T06:26:57.960121,0.995,0.005,1.0
2025-12-11T06:26:58.562724,0.995,0.005,1.0
2025-12-11T06:26:59.162483,0.995,0.005,1.0
2025-12-11T06:26:59.761104,0.995,0.005,1.0
2025-12-11T06:27:00.362959,0.995,0.005,1.0
2025-12-11T06:27:00.963296,0.995,0.005,1.0
2025-12-11T06:27:01.571082,0.995,0.005,1.0
2025-12-11T06:27:02.174959,0.995,0.005,1.0
2025-12-11T06:27:02.782616,0.995,0.005,1.0
2025-12-11T06:27:03.384688,0.995,0.005,1.0
2025-12-11T06:27:03.989156,0.995,0.005,1.0
2025-12-11T06:27:04.602406,0.995,0.005,1.0
2025-12-11T06:27:05.209211,0.995,0.005,1.0
2025-12-11T06:27:05.811239,0.995,0.005,1.0
2025-12-11T06:27:06.431489,0.995,0.005,1.0
2025-12-11T06:27:07.038332,0.995,0.005,1.0
2025-12-11T06:27:07.638787,0.995,0.005,1.0
2025-12-11T06:27:08.239575,0.995,0.005,1.0
2025-12-11T06:27:08.846985,0.995,0.005,1.0
2025-12-11T06:27:09.453078,0.995,0.005,1.0
2025-12-11T06:27:10.059252,0.995,0.005,1.0
2025-12-11T06:27:10.668736,0.995,0.005,1.0
2025-12-11T06:27:11.269971,0.995,0.005,1.0
2025-12-11T06:27:11.871371,0.995,0.005,1.0
2025-12-11T06:27:12.476624,0.995,0.005,1.0
2025-12-11T06:27:13.077039,0.995,0.005,1.0
2025-12-11T06:27:13.677504,0.995,0.005,1.0
2025-12-11T06:27:14.275255,0.995,0.005,1.0
2025-12-11T06:27:14.874650,0.995,0.005,1.0
2025-12-11T06:27:15.472280,0.995,0.005,1.0
2025-12-11T06:27:16.074137,0.995,0.005,1.0
2025-12-11T06:27:16.677625,0.995,0.005,1.0
2025-12-11T06:27:17.283640,0.995,0.005,1.0
2025-12-11T06:27:17.884915,0.995,0.005,1.0
2025-12-11T06:27:18.498261,0.995,0.005,1.0
2025-12-11T06:27:19.099844,0.995,0.005,1.0
2025-12-11T06:27:19.698804,0.995,0.005,1.0
2025-12-11T06:27:20.299172,0.995,0.005,1.0
2025-12-11T06:27:20.900689,0.995,0.005,1.0
2025-12-11T06:27:21.507861,0.995,0.005,1.0
2025-12-11T06:27:22.111256,0.995,0.005,1.0
2025-12-11T06:27:22.716453,0.995,0.005,1.0
2025-12-11T06:27:23.316775,0.995,0.005,1.0
2025-12-11T06:27:23.918899,0.995,0.005,1.0
2025-12-11T06:27:24.515797,0.995,0.005,1.0
2025-12-11T06:27:25.114912,0.995,0.005,1.0
2025-12-11T06:27:25.719202,0.995,0.005,1.0
2025-12-11T06:27:26.326042,0.995,0.005,1.0
2025-12-11T06:27:26.928481,0.995,0.005,1.0
2025-12-11T06:27:27.526602,0.995,0.005,1.0
2025-12-11T06:27:28.129586,0.995,0.005,1.0
2025-12-11T06:27:27.190805,0.995,0.005,1.0
2025-12-11T06:27:27.803327,0.995,0.005,1.0
2025-12-11T06:27:28.406621,0.995,0.005,1.0
2025-12-11T06:27:29.001196,0.995,0.005,1.0
2025-12-11T06:27:29.598352,0.995,0.005,1.0
2025-12-11T06:27:30.198865,0.995,0.005,1.0
2025-12-11T06:27:30.803639,0.995,0.005,1.0
2025-12-11T06:27:31.412364,0.995,0.005,1.0
2025-12-11T06:27:32.016269,0.995,0.005,1.0
2025-12-11T06:27:32.623741,0.995,0.005,1.0
2025-12-11T06:27:33.228550,0.995,0.005,1.0
2025-12-11T06:27:33.832261,0.995,0.005,1.0
2025-12-11T06:27:34.428450,0.995,0.005,1.0
2025-12-11T06:27:35.023113,0.995,0.005,1.0
2025-12-11T06:27:35.615997,0.995,0.005,1.0
2025-12-11T06:27:36.221976,0.995,0.005,1.0
2025-12-11T06:27:36.826328,0.995,0.005,1.0
2025-12-11T06:27:37.428970,0.995,0.005,1.0
2025-12-11T06:27:38.032723,0.995,0.005,1.0
2025-12-11T06:27:38.637091,0.995,0.005,1.0
2025-12-11T06:27:39.244582,0.995,0.005,1.0
2025-12-11T06:27:39.845353,0.995,0.005,1.0
2025-12-11T06:27:40.446134,0.995,0.005,1.0
2025-12-11T06:27:41.044593,0.995,0.005,1.0
2025-12-11T06:27:41.645399,0.995,0.005,1.0
2025-12-11T06:27:42.246363,0.995,0.005,1.0
2025-12-11T06:27:42.850512,0.995,0.005,1.0
2025-12-11T06:27:43.452385,0.995,0.005,1.0
2025-12-11T06:27:44.061574,0.995,0.005,1.0
2025-12-11T06:27:44.662478,0.995,0.005,1.0
2025-12-11T06:27:45.266879,0.995,0.005,1.0
2025-12-11T06:27:45.873061,0.995,0.005,1.0
2025-12-11T06:27:46.491244,0.995,0.005,1.0
2025-12-11T06:27:47.087695,0.995,0.005,1.0
2025-12-11T06:27:47.687752,0.995,0.005,1.0
2025-12-11T06:27:48.287837,0.995,0.005,1.0
2025-12-11T06:27:48.888535,0.995,0.005,1.0
2025-12-11T06:27:49.494817,0.995,0.005,1.0
2025-12-11T06:27:50.103154,0.995,0.005,1.0
2025-12-11T06:27:50.707740,0.995,0.005,1.0
2025-12-11T06:27:51.308767,0.995,0.005,1.0
2025-12-11T06:27:51.910431,0.995,0.005,1.0
2025-12-11T06:27:52.507656,0.995,0.005,1.0
2025-12-11T06:27:53.127810,0.995,0.005,1.0
2025-12-11T06:27:53.722513,0.995,0.005,1.0
2025-12-11T06:27:54.316555,0.995,0.005,1.0
2025-12-11T06:27:54.909678,0.995,0.005,1.0
2025-12-11T06:27:55.507823,0.995,0.005,1.0
2025-12-11T06:27:56.107996,0.995,0.005,1.0
2025-12-11T06:27:56.707877,0.995,0.005,1.0
2025-12-11T06:27:57.312726,0.995,0.005,1.0
2025-12-11T06:27:57.910899,0.995,0.005,1.0
2025-12-11T06:27:58.526884,0.995,0.005,1.0
2025-12-11T06:27:57.560312,0.995,0.005,1.0
2025-12-11T06:27:58.163130,0.995,0.005,1.0
2025-12-11T06:27:58.764472,0.995,0.005,1.0
2025-12-11T06:27:59.368093,0.995,0.005,1.0
2025-12-11T06:27:59.972423,0.995,0.005,1.0
2025-12-11T06:28:00.568570,0.995,0.005,1.0
2025-12-11T06:28:01.171338,0.995,0.005,1.0
2025-12-11T06:28:01.772627,0.995,0.005,1.0
2025-12-11T06:28:02.376566,0.995,0.005,1.0
2025-12-11T06:28:02.984256,0.995,0.005,1.0
2025-12-11T06:28:03.585831,0.995,0.005,1.0
2025-12-11T06:28:04.187576,0.995,0.005,1.0
2025-12-11T06:28:04.786917,0.995,0.005,1.0
2025-12-11T06:28:05.392553,0.995,0.005,1.0
2025-12-11T06:28:05.990185,0.995,0.005,1.0
2025-12-11T06:28:06.586468,0.995,0.005,1.0
2025-12-11T06:28:07.195748,0.995,0.005,1.0
2025-12-11T06:28:07.792287,0.995,0.005,1.0
2025-12-11T06:28:08.393458,0.995,0.005,1.0
2025-12-11T06:28:08.989372,0.995,0.005,1.0
2025-12-11T06:28:09.588000,0.995,0.005,1.0
2025-12-11T06:28:10.181103,0.995,0.005,1.0
2025-12-11T06:28:10.778557,0.995,0.005,1.0
2025-12-11T06:28:11.368848,0.995,0.005,1.0
2025-12-11T06:28:11.968367,0.995,0.005,1.0
2025-12-11T06:28:12.615128,0.995,0.005,1.0
2025-12-11T06:28:13.218712,0.995,0.005,1.0
2025-12-11T06:28:13.814354,0.995,0.005,1.0
2025-12-11T06:28:14.415625,0.995,0.005,1.0
2025-12-11T06:28:15.016013,0.995,0.005,1.0
2025-12-11T06:28:15.616204,0.995,0.005,1.0
2025-12-11T06:28:16.221323,0.995,0.005,1.0
2025-12-11T06:28:16.824075,0.995,0.005,1.0
2025-12-11T06:28:17.426192,0.995,0.005,1.0
2025-12-11T06:28:18.030209,0.995,0.005,1.0
2025-12-11T06:28:18.632683,0.995,0.005,1.0
2025-12-11T06:28:19.233024,0.995,0.005,1.0
2025-12-11T06:28:19.830822,0.995,0.005,1.0
2025-12-11T06:28:20.429065,0.995,0.005,1.0
2025-12-11T06:28:21.029540,0.995,0.005,1.0
2025-12-11T06:28:21.630409,0.995,0.005,1.0
2025-12-11T06:28:22.230290,0.995,0.005,1.0
2025-12-11T06:28:22.831486,0.995,0.005,1.0
2025-12-11T06:28:23.429426,0.995,0.005,1.0
2025-12-11T06:28:24.032631,0.995,0.005,1.0
2025-12-11T06:28:24.634885,0.995,0.005,1.0
2025-12-11T06:28:25.241796,0.995,0.005,1.0
2025-12-11T06:28:25.841024,0.995,0.005,1.0
2025-12-11T06:28:26.446647,0.995,0.005,1.0
2025-12-11T06:28:27.048333,0.995,0.005,1.0
2025-12-11T06:28:27.653264,0.995,0.005,1.0
2025-12-11T06:28:28.258159,0.995,0.005,1.0
2025-12-11T06:28:28.862553,0.995,0.005,1.0
2025-12-11T06:28:29.465271,0.995,0.005,1.0
2025-12-11T06:28:28.505801,0.995,0.005,1.0
2025-12-11T06:28:29.105814,0.995,0.005,1.0
2025-12-11T06:28:29.751254,0.995,0.005,1.0
2025-12-11T06:28:30.348128,0.995,0.005,1.0
2025-12-11T06:28:30.946961,0.995,0.005,1.0
2025-12-11T06:28:31.544882,0.995,0.005,1.0
2025-12-11T06:28:32.148222,0.995,0.005,1.0
2025-12-11T06:28:32.745692,0.995,0.005,1.0
2025-12-11T06:28:33.349805,0.995,0.005,1.0
2025-12-11T06:28:33.945667,0.995,0.005,1.0
2025-12-11T06:28:34.548373,0.995,0.005,1.0
2025-12-11T06:28:35.161717,0.995,0.005,1.0
2025-12-11T06:28:35.763490,0.995,0.005,1.0
2025-12-11T06:28:36.364904,0.995,0.005,1.0
2025-12-11T06:28:36.973864,0.995,0.005,1.0
2025-12-11T06:28:37.583578,0.995,0.005,1.0
2025-12-11T06:28:38.184790,0.995,0.005,1.0
2025-12-11T06:28:38.777727,0.995,0.005,1.0
2025-12-11T06:28:39.381845,0.995,0.005,1.0
2025-12-11T06:28:39.987471,0.995,0.005,1.0
2025-12-11T06:28:40.598776,0.995,0.005,1.0
2025-12-11T06:28:41.191718,0.995,0.005,1.0
2025-12-11T06:28:41.787721,0.995,0.005,1.0
2025-12-11T06:28:42.389654,0.995,0.005,1.0
2025-12-11T06:28:42.998073,0.995,0.005,1.0
2025-12-11T06:28:43.599347,0.995,0.005,1.0
2025-12-11T06:28:44.203341,0.995,0.005,1.0
2025-12-11T06:28:44.802107,0.995,0.005,1.0
2025-12-11T06:28:45.401816,0.995,0.005,1.0
2025-12-11T06:28:46.013254,0.995,0.005,1.0
2025-12-11T06:28:46.621453,0.995,0.005,1.0
2025-12-11T06:28:47.222089,0.995,0.005,1.0
2025-12-11T06:28:47.829019,0.995,0.005,1.0
2025-12-11T06:28:48.429541,0.995,0.005,1.0
2025-12-11T06:28:49.029487,0.995,0.005,1.0
2025-12-11T06:28:49.630237,0.995,0.005,1.0
2025-12-11T06:28:50.228244,0.995,0.005,1.0
2025-12-11T06:28:50.826774,0.995,0.005,1.0
2025-12-11T06:28:51.425910,0.995,0.005,1.0
2025-12-11T06:28:52.027414,0.995,0.005,1.0
2025-12-11T06:28:52.628830,0.995,0.005,1.0
2025-12-11T06:28:53.231987,0.995,0.005,1.0
2025-12-11T06:28:53.832964,0.995,0.005,1.0
2025-12-11T06:28:54.434240,0.995,0.005,1.0
2025-12-11T06:28:55.037277,0.995,0.005,1.0
2025-12-11T06:28:55.635376,0.995,0.005,1.0
2025-12-11T06:28:56.241992,0.995,0.005,1.0
2025-12-11T06:28:56.839715,0.995,0.005,1.0
2025-12-11T06:28:57.438184,0.995,0.005,1.0
2025-12-11T06:28:58.037774,0.995,0.005,1.0
2025-12-11T06:28:58.643154,0.995,0.005,1.0
2025-12-11T06:28:59.242893,0.995,0.005,1.0
2025-12-11T06:28:59.840910,0.995,0.005,1.0
2025-12-11T06:28:58.869977,0.995,0.005,1.0
2025-12-11T06:28:59.466900,0.995,0.005,1.0
2025-12-11T06:29:00.070872,0.995,0.005,1.0
2025-12-11T06:29:00.673552,0.995,0.005,1.0
2025-12-11T06:29:01.275568,0.995,0.005,1.0
2025-12-11T06:29:01.875540,0.995,0.005,1.0
2025-12-11T06:29:02.480139,0.995,0.005,1.0
2025-12-11T06:29:03.085331,0.995,0.005,1.0
2025-12-11T06:29:03.704445,0.995,0.005,1.0
2025-12-11T06:29:04.303180,0.995,0.005,1.0
2025-12-11T06:29:04.909297,0.995,0.005,1.0
2025-12-11T06:29:05.509877,0.995,0.005,1.0
2025-12-11T06:29:06.110725,0.995,0.005,1.0
2025-12-11T06:29:06.712955,0.995,0.005,1.0
2025-12-11T06:29:07.314406,0.995,0.005,1.0
2025-12-11T06:29:07.916878,0.995,0.005,1.0
2025-12-11T06:29:08.516363,0.995,0.005,1.0
2025-12-11T06:29:09.117200,0.995,0.005,1.0
2025-12-11T06:29:09.715085,0.995,0.005,1.0
2025-12-11T06:29:10.321517,0.995,0.005,1.0
2025-12-11T06:29:10.934588,0.995,0.005,1.0
2025-12-11T06:29:11.537564,0.995,0.005,1.0
2025-12-11T06:29:12.135500,0.995,0.005,1.0
2025-12-11T06:29:12.735188,0.995,0.005,1.0
2025-12-11T06:29:13.362813,0.995,0.005,1.0
2025-12-11T06:29:13.963269,0.995,0.005,1.0
2025-12-11T06:29:14.565606,0.995,0.005,1.0
2025-12-11T06:29:15.169392,0.995,0.005,1.0
2025-12-11T06:29:15.773981,0.995,0.005,1.0
2025-12-11T06:29:16.377426,0.995,0.005,1.0
2025-12-11T06:29:16.987033,0.995,0.005,1.0
2025-12-11T06:29:17.605802,0.995,0.005,1.0
2025-12-11T06:29:18.210366,0.995,0.005,1.0
2025-12-11T06:29:18.816391,0.995,0.005,1.0
2025-12-11T06:29:19.417828,0.995,0.005,1.0
2025-12-11T06:29:20.018374,0.995,0.005,1.0
2025-12-11T06:29:20.621332,0.995,0.005,1.0
2025-12-11T06:29:21.216469,0.995,0.005,1.0
2025-12-11T06:29:21.814130,0.995,0.005,1.0
2025-12-11T06:29:22.460688,0.995,0.005,1.0
2025-12-11T06:29:23.058647,0.995,0.005,1.0
2025-12-11T06:29:23.653698,0.995,0.005,1.0
2025-12-11T06:29:24.247801,0.995,0.005,1.0
2025-12-11T06:29:24.847183,0.995,0.005,1.0
2025-12-11T06:29:25.446754,0.995,0.005,1.0
2025-12-11T06:29:26.102092,0.995,0.005,1.0
2025-12-11T06:29:26.702368,0.995,0.005,1.0
2025-12-11T06:29:27.299659,0.995,0.005,1.0
2025-12-11T06:29:27.901556,0.995,0.005,1.0
2025-12-11T06:29:28.502002,0.995,0.005,1.0
2025-12-11T06:29:29.100472,0.995,0.005,1.0
2025-12-11T06:29:29.700334,0.995,0.005,1.0
2025-12-11T06:29:30.302937,0.995,0.005,1.0
2025-12-11T06:29:30.908581,0.995,0.005,1.0
2025-12-11T06:29:29.964523,0.995,0.005,1.0
2025-12-11T06:29:30.570771,0.995,0.005,1.0
2025-12-11T06:29:31.176928,0.995,0.005,1.0
2025-12-11T06:29:31.773763,0.995,0.005,1.0
2025-12-11T06:29:32.377140,0.995,0.005,1.0
2025-12-11T06:29:32.979805,0.995,0.005,1.0
2025-12-11T06:29:33.581139,0.995,0.005,1.0
2025-12-11T06:29:34.186282,0.995,0.005,1.0
2025-12-11T06:29:34.787951,0.995,0.005,1.0
2025-12-11T06:29:35.397773,0.995,0.005,1.0
2025-12-11T06:29:35.997310,0.995,0.005,1.0
2025-12-11T06:29:36.603459,0.995,0.005,1.0
2025-12-11T06:29:37.206385,0.995,0.005,1.0
2025-12-11T06:29:37.808954,0.995,0.005,1.0
2025-12-11T06:29:38.412185,0.995,0.005,1.0
2025-12-11T06:29:39.016638,0.995,0.005,1.0
2025-12-11T06:29:39.616270,0.995,0.005,1.0
2025-12-11T06:29:40.218116,0.995,0.005,1.0
2025-12-11T06:29:40.818890,0.995,0.005,1.0
2025-12-11T06:29:41.425387,0.995,0.005,1.0
2025-12-11T06:29:42.026000,0.995,0.005,1.0
2025-12-11T06:29:42.627810,0.995,0.005,1.0
2025-12-11T06:29:43.220368,0.995,0.005,1.0
2025-12-11T06:29:43.821088,0.995,0.005,1.0
2025-12-11T06:29:44.425407,0.995,0.005,1.0
2025-12-11T06:29:45.027940,0.995,0.005,1.0
2025-12-11T06:29:45.631302,0.995,0.005,1.0
2025-12-11T06:29:46.230436,0.995,0.005,1.0
2025-12-11T06:29:46.824442,0.995,0.005,1.0
2025-12-11T06:29:47.438275,0.995,0.005,1.0
2025-12-11T06:29:48.042532,0.995,0.005,1.0
2025-12-11T06:29:48.641809,0.995,0.005,1.0
2025-12-11T06:29:49.250943,0.995,0.005,1.0
2025-12-11T06:29:49.853090,0.995,0.005,1.0
2025-12-11T06:29:50.456918,0.995,0.005,1.0
2025-12-11T06:29:51.058821,0.995,0.005,1.0
2025-12-11T06:29:51.653230,0.995,0.005,1.0
2025-12-11T06:29:52.254565,0.995,0.005,1.0
2025-12-11T06:29:52.856380,0.995,0.005,1.0
2025-12-11T06:29:53.465982,0.995,0.005,1.0
2025-12-11T06:29:54.069750,0.995,0.005,1.0
2025-12-11T06:29:54.668191,0.995,0.005,1.0
2025-12-11T06:29:55.268908,0.995,0.005,1.0
2025-12-11T06:29:55.869684,0.995,0.005,1.0
2025-12-11T06:29:56.469229,0.995,0.005,1.0
2025-12-11T06:29:57.068465,0.995,0.005,1.0
2025-12-11T06:29:57.668884,0.995,0.005,1.0
2025-12-11T06:29:58.267811,0.995,0.005,1.0
2025-12-11T06:29:58.863322,0.995,0.005,1.0
2025-12-11T06:29:59.461991,0.995,0.005,1.0
2025-12-11T06:30:00.059298,0.995,0.005,1.0
2025-12-11T06:30:00.655353,0.995,0.005,1.0
2025-12-11T06:30:01.258833,0.995,0.005,1.0
2025-12-11T06:30:00.295730,0.995,0.005,1.0
2025-12-11T06:30:00.890644,0.9995,0.0005,1.0
2025-12-11T06:30:01.488539,0.9995,0.0005,1.0
2025-12-11T06:30:02.095062,0.9995,0.0005,1.0
2025-12-11T06:30:02.691631,0.9995,0.0005,1.0
2025-12-11T06:30:03.370218,0.9995,0.0005,1.0
2025-12-11T06:30:03.974268,0.9995,0.0005,1.0
2025-12-11T06:30:04.576223,0.9995,0.0005,1.0
2025-12-11T06:30:05.190217,0.9995,0.0005,1.0
2025-12-11T06:30:05.784414,0.9995,0.0005,1.0
2025-12-11T06:30:06.383637,0.9995,0.0005,1.0
2025-12-11T06:30:06.987032,0.9995,0.0005,1.0
2025-12-11T06:30:07.622076,0.9995,0.0005,1.0
2025-12-11T06:30:08.214639,0.9995,0.0005,1.0
2025-12-11T06:30:08.809667,0.9995,0.0005,1.0
2025-12-11T06:30:09.416607,0.9995,0.0005,1.0
2025-12-11T06:30:10.010365,0.9995,0.0005,1.0
2025-12-11T06:30:10.623279,0.9995,0.0005,1.0
2025-12-11T06:30:11.226751,0.9995,0.0005,1.0
2025-12-11T06:30:11.844158,0.9995,0.0005,1.0
2025-12-11T06:30:12.436672,0.9995,0.0005,1.0
2025-12-11T06:30:13.057307,0.9995,0.0005,1.0
2025-12-11T06:30:13.663932,0.9995,0.0005,1.0
2025-12-11T06:30:14.279765,0.9995,0.0005,1.0
2025-12-11T06:30:14.873259,0.9995,0.0005,1.0
2025-12-11T06:30:15.482014,0.9995,0.0005,1.0
2025-12-11T06:30:16.085493,0.9995,0.0005,1.0
2025-12-11T06:30:16.690670,0.9995,0.0005,1.0
2025-12-11T06:30:17.302871,0.9995,0.0005,1.0
2025-12-11T06:30:17.896493,0.9995,0.0005,1.0
2025-12-11T06:30:18.494574,0.9995,0.0005,1.0
2025-12-11T06:30:19.103949,0.9995,0.0005,1.0
2025-12-11T06:30:19.706955,0.9995,0.0005,1.0
2025-12-11T06:30:20.306536,0.9995,0.0005,1.0
2025-12-11T06:30:20.905798,0.9995,0.0005,1.0
2025-12-11T06:30:21.517817,0.9995,0.0005,1.0
2025-12-11T06:30:22.126504,0.9995,0.0005,1.0
2025-12-11T06:30:22.735398,0.9995,0.0005,1.0
2025-12-11T06:30:23.345994,0.9995,0.0005,1.0
2025-12-11T06:30:23.942216,0.9995,0.0005,1.0
2025-12-11T06:30:24.548920,0.9995,0.0005,1.0
2025-12-11T06:30:25.149369,0.9995,0.0005,1.0
2025-12-11T06:30:25.752088,0.9995,0.0005,1.0
2025-12-11T06:30:26.357666,0.9995,0.0005,1.0
2025-12-11T06:30:26.953552,0.9995,0.0005,1.0
2025-12-11T06:30:27.546942,0.9995,0.0005,1.0
2025-12-11T06:30:28.149566,0.9995,0.0005,1.0
2025-12-11T06:30:28.757350,0.9995,0.0005,1.0
2025-12-11T06:30:29.351018,0.9995,0.0005,1.0
2025-12-11T06:30:29.947823,0.9995,0.0005,1.0
2025-12-11T06:30:30.564309,0.9995,0.0005,1.0
2025-12-11T06:30:31.167066,0.9995,0.0005,1.0
2025-12-11T06:30:31.785170,0.9995,0.0005,1.0
2025-12-11T06:30:32.391321,0.9995,0.0005,1.0
2025-12-11T06:30:31.424981,0.9995,0.0005,1.0
2025-12-11T06:30:32.028705,0.9995,0.0005,1.0
2025-12-11T06:30:32.630635,0.9995,0.0005,1.0
2025-12-11T06:30:33.232834,0.9995,0.0005,1.0
2025-12-11T06:30:33.828386,0.9995,0.0005,1.0
2025-12-11T06:30:34.427536,0.9995,0.0005,1.0
2025-12-11T06:30:35.027703,0.9995,0.0005,1.0
2025-12-11T06:30:35.634589,0.9995,0.0005,1.0
2025-12-11T06:30:36.241224,0.9995,0.0005,1.0
2025-12-11T06:30:36.842775,0.9995,0.0005,1.0
2025-12-11T06:30:37.440658,0.9995,0.0005,1.0
2025-12-11T06:30:38.050527,0.9995,0.0005,1.0
2025-12-11T06:30:38.645222,0.9995,0.0005,1.0
2025-12-11T06:30:39.250504,0.9995,0.0005,1.0
2025-12-11T06:30:39.852922,0.9995,0.0005,1.0
2025-12-11T06:30:40.452388,0.9995,0.0005,1.0
2025-12-11T06:30:41.057013,0.9995,0.0005,1.0
2025-12-11T06:30:41.648795,0.9995,0.0005,1.0
2025-12-11T06:30:42.251513,0.9995,0.0005,1.0
2025-12-11T06:30:42.864465,0.9995,0.0005,1.0
2025-12-11T06:30:43.472159,0.9995,0.0005,1.0
2025-12-11T06:30:44.070064,0.9995,0.0005,1.0
2025-12-11T06:30:44.668562,0.9995,0.0005,1.0
2025-12-11T06:30:45.283233,0.9995,0.0005,1.0
2025-12-11T06:30:45.890861,0.9995,0.0005,1.0
2025-12-11T06:30:46.492006,0.9995,0.0005,1.0
2025-12-11T06:30:47.084383,0.9995,0.0005,1.0
2025-12-11T06:30:47.714986,0.9995,0.0005,1.0
2025-12-11T06:30:48.310466,0.9995,0.0005,1.0
2025-12-11T06:30:48.925257,0.9995,0.0005,1.0
2025-12-11T06:30:49.524187,0.9995,0.0005,1.0
2025-12-11T06:30:50.121448,0.9995,0.0005,1.0
2025-12-11T06:30:50.720335,0.9995,0.0005,1.0
2025-12-11T06:30:51.316236,0.9995,0.0005,1.0
2025-12-11T06:30:51.926692,0.9995,0.0005,1.0
2025-12-11T06:30:52.521934,0.9995,0.0005,1.0
2025-12-11T06:30:53.124605,0.9995,0.0005,1.0
2025-12-11T06:30:53.782423,0.9995,0.0005,1.0
2025-12-11T06:30:54.380020,0.9995,0.0005,1.0
2025-12-11T06:30:54.983377,0.9995,0.0005,1.0
2025-12-11T06:30:55.583976,0.9995,0.0005,1.0
2025-12-11T06:30:56.182033,0.9995,0.0005,1.0
2025-12-11T06:30:56.777031,0.9995,0.0005,1.0
2025-12-11T06:30:57.386658,0.9995,0.0005,1.0
2025-12-11T06:30:57.980037,0.9995,0.0005,1.0
2025-12-11T06:30:58.583918,0.9995,0.0005,1.0
2025-12-11T06:30:59.176587,0.9995,0.0005,1.0
2025-12-11T06:30:59.780008,0.9995,0.0005,1.0
