timestamp,price_yes,price_no,sum_prices
2025-12-11T00:16:00.705584,0.555,0.445,1.0
2025-12-11T00:16:01.313253,0.555,0.445,1.0
2025-12-11T00:16:01.931344,0.545,0.455,1.0
2025-12-11T00:16:02.541650,0.545,0.455,1.0
2025-12-11T00:16:03.148158,0.545,0.455,1.0
2025-12-11T00:16:03.767953,0.545,0.455,1.0
2025-12-11T00:16:04.388214,0.545,0.46,1.0050000000000001
2025-12-11T00:16:05.008366,0.545,0.455,1.0
2025-12-11T00:16:05.626455,0.54,0.465,1.0050000000000001
2025-12-11T00:16:06.236919,0.535,0.465,1.0
2025-12-11T00:16:06.858544,0.535,0.465,1.0
2025-12-11T00:16:07.466500,0.535,0.465,1.0
2025-12-11T00:16:08.069463,0.535,0.465,1.0
2025-12-11T00:16:08.686570,0.535,0.465,1.0
2025-12-11T00:16:09.302791,0.535,0.465,1.0
2025-12-11T00:16:09.923538,0.535,0.465,1.0
2025-12-11T00:16:10.541322,0.535,0.465,1.0
2025-12-11T00:16:11.145567,0.535,0.465,1.0
2025-12-11T00:16:11.745318,0.535,0.465,1.0
2025-12-11T00:16:12.355795,0.535,0.465,1.0
2025-12-11T00:16:12.970467,0.535,0.465,1.0
2025-12-11T00:16:13.570118,0.535,0.465,1.0
2025-12-11T00:16:14.187278,0.535,0.465,1.0
2025-12-11T00:16:14.798501,0.535,0.465,1.0
2025-12-11T00:16:15.401233,0.535,0.465,1.0
2025-12-11T00:16:16.011098,0.535,0.465,1.0
2025-12-11T00:16:16.623054,0.535,0.465,1.0
2025-12-11T00:16:17.237560,0.535,0.465,1.0
2025-12-11T00:16:17.852196,0.525,0.475,1.0
2025-12-11T00:16:18.462700,0.52,0.48,1.0
2025-12-11T00:16:19.063837,0.515,0.485,1.0
2025-12-11T00:16:19.676040,0.515,0.485,1.0
2025-12-11T00:16:20.294113,0.515,0.485,1.0
2025-12-11T00:16:20.900694,0.505,0.495,1.0
2025-12-11T00:16:21.507019,0.495,0.505,1.0
2025-12-11T00:16:22.108144,0.495,0.515,1.01
2025-12-11T00:16:22.731531,0.485,0.515,1.0
2025-12-11T00:16:23.362132,0.485,0.515,1.0
2025-12-11T00:16:23.969900,0.485,0.515,1.0
2025-12-11T00:16:24.582320,0.485,0.515,1.0
2025-12-11T00:16:25.196215,0.485,0.515,1.0
2025-12-11T00:16:25.810650,0.485,0.515,1.0
2025-12-11T00:16:26.419649,0.485,0.515,1.0
2025-12-11T00:16:27.038351,0.485,0.515,1.0
2025-12-11T00:16:26.390200,0.485,0.515,1.0
2025-12-11T00:16:26.996842,0.485,0.515,1.0
2025-12-11T00:16:27.614551,0.485,0.515,1.0
2025-12-11T00:16:28.213900,0.485,0.515,1.0
2025-12-11T00:16:28.830614,0.485,0.515,1.0
2025-12-11T00:16:29.444496,0.47,0.53,1.0
2025-12-11T00:16:30.059830,0.465,0.535,1.0
2025-12-11T00:16:30.681377,0.465,0.535,1.0
2025-12-11T00:16:31.303216,0.455,0.545,1.0
2025-12-11T00:16:31.926540,0.465,0.535,1.0
2025-12-11T00:16:32.540364,0.46,0.54,1.0
2025-12-11T00:16:33.194435,0.46,0.54,1.0
2025-12-11T00:16:33.850045,0.46,0.54,1.0
2025-12-11T00:16:34.457901,0.46,0.54,1.0
2025-12-11T00:16:35.072962,0.445,0.555,1.0
2025-12-11T00:16:35.691980,0.445,0.555,1.0
2025-12-11T00:16:36.320643,0.445,0.555,1.0
2025-12-11T00:16:36.928271,0.44,0.56,1.0
2025-12-11T00:16:37.545467,0.445,0.555,1.0
2025-12-11T00:16:38.149505,0.445,0.56,1.0050000000000001
2025-12-11T00:16:38.765111,0.44,0.56,1.0
2025-12-11T00:16:39.409602,0.425,0.57,0.9949999999999999
2025-12-11T00:16:40.009057,0.415,0.585,1.0
2025-12-11T00:16:40.638077,0.415,0.585,1.0
2025-12-11T00:16:41.281411,0.415,0.585,1.0
2025-12-11T00:16:41.911637,0.405,0.595,1.0
2025-12-11T00:16:42.534873,0.405,0.595,1.0
2025-12-11T00:16:43.161831,0.405,0.595,1.0
2025-12-11T00:16:43.785317,0.405,0.595,1.0
2025-12-11T00:16:44.421241,0.405,0.595,1.0
2025-12-11T00:16:45.031982,0.405,0.595,1.0
2025-12-11T00:16:45.672535,0.405,0.595,1.0
2025-12-11T00:16:46.292564,0.405,0.595,1.0
2025-12-11T00:16:46.903769,0.405,0.595,1.0
2025-12-11T00:16:47.517143,0.405,0.595,1.0
2025-12-11T00:16:48.127009,0.41,0.59,1.0
2025-12-11T00:16:48.748553,0.405,0.595,1.0
2025-12-11T00:16:49.360903,0.41,0.59,1.0
2025-12-11T00:16:49.982404,0.41,0.58,0.99
2025-12-11T00:16:50.604150,0.42,0.58,1.0
2025-12-11T00:16:51.239340,0.42,0.58,1.0
2025-12-11T00:16:51.859496,0.415,0.585,1.0
2025-12-11T00:16:52.471987,0.405,0.595,1.0
2025-12-11T00:16:53.107800,0.395,0.615,1.01
2025-12-11T00:16:53.721117,0.385,0.62,1.005
2025-12-11T00:16:54.327122,0.365,0.635,1.0
2025-12-11T00:16:54.957271,0.365,0.635,1.0
2025-12-11T00:16:55.577819,0.355,0.645,1.0
2025-12-11T00:16:56.196152,0.355,0.645,1.0
2025-12-11T00:16:56.810273,0.36,0.64,1.0
2025-12-11T00:16:57.410358,0.37,0.63,1.0
2025-12-11T00:16:58.039691,0.375,0.625,1.0
2025-12-11T00:16:57.344132,0.375,0.625,1.0
2025-12-11T00:16:57.965453,0.375,0.625,1.0
2025-12-11T00:16:58.585967,0.375,0.625,1.0
2025-12-11T00:16:59.214711,0.375,0.625,1.0
2025-12-11T00:16:59.836055,0.375,0.625,1.0
2025-12-11T00:17:00.458477,0.38,0.62,1.0
2025-12-11T00:17:01.065559,0.38,0.62,1.0
2025-12-11T00:17:01.679476,0.38,0.62,1.0
2025-12-11T00:17:02.288968,0.38,0.62,1.0
2025-12-11T00:17:02.904864,0.385,0.615,1.0
2025-12-11T00:17:03.533466,0.365,0.615,0.98
2025-12-11T00:17:04.145831,0.395,0.605,1.0
2025-12-11T00:17:04.756639,0.405,0.595,1.0
2025-12-11T00:17:05.369656,0.39,0.61,1.0
2025-12-11T00:17:05.975402,0.385,0.615,1.0
2025-12-11T00:17:06.587627,0.385,0.605,0.99
2025-12-11T00:17:07.234611,0.375,0.625,1.0
2025-12-11T00:17:07.866968,0.37,0.63,1.0
2025-12-11T00:17:08.482020,0.37,0.63,1.0
2025-12-11T00:17:09.088811,0.365,0.635,1.0
2025-12-11T00:17:09.708386,0.375,0.625,1.0
2025-12-11T00:17:10.322033,0.39,0.605,0.995
2025-12-11T00:17:10.934259,0.39,0.605,0.995
2025-12-11T00:17:11.540017,0.385,0.615,1.0
2025-12-11T00:17:12.172891,0.375,0.625,1.0
2025-12-11T00:17:12.783343,0.375,0.625,1.0
2025-12-11T00:17:13.395254,0.38,0.62,1.0
2025-12-11T00:17:13.995833,0.38,0.62,1.0
2025-12-11T00:17:14.608391,0.375,0.625,1.0
2025-12-11T00:17:15.237592,0.39,0.61,1.0
2025-12-11T00:17:15.857833,0.39,0.61,1.0
2025-12-11T00:17:16.466599,0.395,0.605,1.0
2025-12-11T00:17:17.068396,0.405,0.595,1.0
2025-12-11T00:17:17.684552,0.41,0.59,1.0
2025-12-11T00:17:18.299705,0.415,0.585,1.0
2025-12-11T00:17:18.984182,0.43,0.57,1.0
2025-12-11T00:17:19.593782,0.435,0.565,1.0
2025-12-11T00:17:20.230952,0.445,0.555,1.0
2025-12-11T00:17:20.855551,0.44,0.56,1.0
2025-12-11T00:17:21.466141,0.445,0.555,1.0
2025-12-11T00:17:22.072487,0.445,0.555,1.0
2025-12-11T00:17:22.676200,0.455,0.545,1.0
2025-12-11T00:17:23.276120,0.45,0.55,1.0
2025-12-11T00:17:23.882797,0.445,0.555,1.0
2025-12-11T00:17:24.494517,0.435,0.565,1.0
2025-12-11T00:17:25.123989,0.44,0.56,1.0
2025-12-11T00:17:25.747044,0.445,0.555,1.0
2025-12-11T00:17:26.361200,0.445,0.555,1.0
2025-12-11T00:17:26.966687,0.445,0.555,1.0
2025-12-11T00:17:27.582590,0.445,0.555,1.0
2025-12-11T00:17:28.184724,0.45,0.55,1.0
2025-12-11T00:17:28.792943,0.45,0.545,0.9950000000000001
2025-12-11T00:17:28.099841,0.455,0.545,1.0
2025-12-11T00:17:28.713992,0.44,0.56,1.0
2025-12-11T00:17:29.323806,0.44,0.56,1.0
2025-12-11T00:17:29.934962,0.435,0.565,1.0
2025-12-11T00:17:30.553095,0.43,0.57,1.0
2025-12-11T00:17:31.156295,0.425,0.575,1.0
2025-12-11T00:17:31.831684,0.425,0.575,1.0
2025-12-11T00:17:32.450949,0.425,0.575,1.0
2025-12-11T00:17:33.048836,0.43,0.57,1.0
2025-12-11T00:17:33.652769,0.435,0.565,1.0
2025-12-11T00:17:34.258254,0.435,0.565,1.0
2025-12-11T00:17:34.868612,0.435,0.565,1.0
2025-12-11T00:17:35.477916,0.44,0.56,1.0
2025-12-11T00:17:36.084544,0.44,0.56,1.0
2025-12-11T00:17:36.698692,0.44,0.56,1.0
2025-12-11T00:17:37.304105,0.44,0.56,1.0
2025-12-11T00:17:37.908145,0.44,0.56,1.0
2025-12-11T00:17:38.512632,0.445,0.555,1.0
2025-12-11T00:17:39.119350,0.445,0.555,1.0
2025-12-11T00:17:39.736598,0.445,0.555,1.0
2025-12-11T00:17:40.346422,0.435,0.565,1.0
2025-12-11T00:17:40.950707,0.415,0.585,1.0
2025-12-11T00:17:41.557317,0.415,0.585,1.0
2025-12-11T00:17:42.181758,0.415,0.585,1.0
2025-12-11T00:17:42.786284,0.405,0.595,1.0
2025-12-11T00:17:43.393929,0.405,0.595,1.0
2025-12-11T00:17:44.007864,0.405,0.595,1.0
2025-12-11T00:17:44.666810,0.395,0.605,1.0
2025-12-11T00:17:45.282150,0.395,0.605,1.0
2025-12-11T00:17:45.882660,0.395,0.605,1.0
2025-12-11T00:17:46.486165,0.395,0.605,1.0
2025-12-11T00:17:47.114206,0.385,0.62,1.005
2025-12-11T00:17:47.744832,0.365,0.635,1.0
2025-12-11T00:17:48.350138,0.365,0.635,1.0
2025-12-11T00:17:48.966058,0.37,0.63,1.0
2025-12-11T00:17:49.576581,0.375,0.625,1.0
2025-12-11T00:17:50.198127,0.385,0.615,1.0
2025-12-11T00:17:50.814270,0.365,0.635,1.0
2025-12-11T00:17:51.422057,0.365,0.635,1.0
2025-12-11T00:17:52.020819,0.355,0.645,1.0
2025-12-11T00:17:52.640285,0.365,0.635,1.0
2025-12-11T00:17:53.256706,0.365,0.64,1.005
2025-12-11T00:17:53.891874,0.36,0.64,1.0
2025-12-11T00:17:54.525319,0.365,0.635,1.0
2025-12-11T00:17:55.135316,0.37,0.63,1.0
2025-12-11T00:17:55.749109,0.37,0.63,1.0
2025-12-11T00:17:56.381709,0.37,0.63,1.0
2025-12-11T00:17:56.989800,0.38,0.62,1.0
2025-12-11T00:17:57.600626,0.38,0.62,1.0
2025-12-11T00:17:58.210911,0.37,0.63,1.0
2025-12-11T00:17:58.847730,0.375,0.625,1.0
2025-12-11T00:17:59.449975,0.37,0.63,1.0
2025-12-11T00:18:00.074341,0.37,0.63,1.0
2025-12-11T00:17:59.398720,0.355,0.645,1.0
2025-12-11T00:18:00.006099,0.375,0.62,0.995
2025-12-11T00:18:00.623199,0.375,0.625,1.0
2025-12-11T00:18:01.225816,0.375,0.625,1.0
2025-12-11T00:18:01.831128,0.375,0.625,1.0
2025-12-11T00:18:02.440734,0.365,0.635,1.0
2025-12-11T00:18:03.036403,0.365,0.635,1.0
2025-12-11T00:18:03.646129,0.365,0.635,1.0
2025-12-11T00:18:04.278200,0.37,0.63,1.0
2025-12-11T00:18:04.876280,0.37,0.63,1.0
2025-12-11T00:18:05.492596,0.37,0.63,1.0
2025-12-11T00:18:06.126402,0.355,0.645,1.0
2025-12-11T00:18:06.737695,0.365,0.635,1.0
2025-12-11T00:18:07.342493,0.355,0.645,1.0
2025-12-11T00:18:07.967236,0.355,0.645,1.0
2025-12-11T00:18:08.580286,0.355,0.645,1.0
2025-12-11T00:18:09.198891,0.355,0.645,1.0
2025-12-11T00:18:09.810817,0.355,0.645,1.0
2025-12-11T00:18:10.419776,0.355,0.645,1.0
2025-12-11T00:18:11.033892,0.36,0.645,1.005
2025-12-11T00:18:11.645238,0.355,0.645,1.0
2025-12-11T00:18:12.259637,0.355,0.645,1.0
2025-12-11T00:18:12.871867,0.36,0.64,1.0
2025-12-11T00:18:13.492044,0.36,0.64,1.0
2025-12-11T00:18:14.104903,0.36,0.64,1.0
2025-12-11T00:18:14.733501,0.36,0.64,1.0
2025-12-11T00:18:15.354520,0.36,0.64,1.0
2025-12-11T00:18:15.978789,0.36,0.635,0.995
2025-12-11T00:18:16.580640,0.355,0.645,1.0
2025-12-11T00:18:17.196825,0.355,0.645,1.0
2025-12-11T00:18:17.813888,0.355,0.645,1.0
2025-12-11T00:18:18.425825,0.36,0.64,1.0
2025-12-11T00:18:19.035711,0.36,0.64,1.0
2025-12-11T00:18:19.656221,0.365,0.635,1.0
2025-12-11T00:18:20.269694,0.365,0.635,1.0
2025-12-11T00:18:20.886341,0.36,0.64,1.0
2025-12-11T00:18:21.506399,0.355,0.645,1.0
2025-12-11T00:18:22.121648,0.36,0.645,1.005
2025-12-11T00:18:22.723627,0.355,0.645,1.0
2025-12-11T00:18:23.338514,0.36,0.64,1.0
2025-12-11T00:18:23.955131,0.36,0.64,1.0
2025-12-11T00:18:24.568675,0.375,0.625,1.0
2025-12-11T00:18:25.187250,0.37,0.63,1.0
2025-12-11T00:18:25.810218,0.37,0.63,1.0
2025-12-11T00:18:26.419952,0.37,0.63,1.0
2025-12-11T00:18:27.036810,0.365,0.635,1.0
2025-12-11T00:18:27.654395,0.365,0.635,1.0
2025-12-11T00:18:28.263544,0.365,0.635,1.0
2025-12-11T00:18:28.914124,0.365,0.635,1.0
2025-12-11T00:18:29.528312,0.365,0.635,1.0
2025-12-11T00:18:30.166387,0.375,0.625,1.0
2025-12-11T00:18:30.781275,0.395,0.605,1.0
2025-12-11T00:18:30.075918,0.395,0.605,1.0
2025-12-11T00:18:30.690813,0.395,0.605,1.0
2025-12-11T00:18:31.303827,0.365,0.635,1.0
2025-12-11T00:18:31.934655,0.355,0.645,1.0
2025-12-11T00:18:32.545862,0.355,0.645,1.0
2025-12-11T00:18:33.149248,0.36,0.64,1.0
2025-12-11T00:18:33.772449,0.36,0.64,1.0
2025-12-11T00:18:34.416960,0.36,0.64,1.0
2025-12-11T00:18:35.135914,0.355,0.645,1.0
2025-12-11T00:18:35.780460,0.36,0.64,1.0
2025-12-11T00:18:36.386340,0.36,0.64,1.0
2025-12-11T00:18:36.985341,0.36,0.64,1.0
2025-12-11T00:18:37.622516,0.365,0.635,1.0
2025-12-11T00:18:38.233764,0.365,0.635,1.0
2025-12-11T00:18:38.854345,0.365,0.635,1.0
2025-12-11T00:18:39.487406,0.365,0.635,1.0
2025-12-11T00:18:40.100894,0.365,0.635,1.0
2025-12-11T00:18:40.739331,0.365,0.635,1.0
2025-12-11T00:18:41.349519,0.365,0.635,1.0
2025-12-11T00:18:41.970263,0.365,0.635,1.0
2025-12-11T00:18:42.583250,0.365,0.635,1.0
2025-12-11T00:18:43.199743,0.365,0.635,1.0
2025-12-11T00:18:43.814034,0.365,0.635,1.0
2025-12-11T00:18:44.433674,0.365,0.635,1.0
2025-12-11T00:18:45.060340,0.365,0.635,1.0
2025-12-11T00:18:45.672472,0.365,0.635,1.0
2025-12-11T00:18:46.287839,0.355,0.645,1.0
2025-12-11T00:18:46.913650,0.365,0.64,1.005
2025-12-11T00:18:47.510120,0.36,0.64,1.0
2025-12-11T00:18:48.136479,0.36,0.64,1.0
2025-12-11T00:18:48.755825,0.36,0.64,1.0
2025-12-11T00:18:49.378027,0.36,0.64,1.0
2025-12-11T00:18:49.991436,0.36,0.64,1.0
2025-12-11T00:18:50.594190,0.36,0.64,1.0
2025-12-11T00:18:51.205059,0.36,0.63,0.99
2025-12-11T00:18:51.820323,0.385,0.615,1.0
2025-12-11T00:18:52.443693,0.39,0.61,1.0
2025-12-11T00:18:53.048464,0.39,0.61,1.0
2025-12-11T00:18:53.648822,0.39,0.61,1.0
2025-12-11T00:18:54.267338,0.39,0.61,1.0
2025-12-11T00:18:54.885542,0.39,0.61,1.0
2025-12-11T00:18:55.506434,0.39,0.61,1.0
2025-12-11T00:18:56.117125,0.39,0.61,1.0
2025-12-11T00:18:56.727096,0.39,0.61,1.0
2025-12-11T00:18:57.343183,0.395,0.605,1.0
2025-12-11T00:18:57.955544,0.395,0.605,1.0
2025-12-11T00:18:58.572367,0.395,0.605,1.0
2025-12-11T00:18:59.186272,0.405,0.595,1.0
2025-12-11T00:18:59.791472,0.395,0.605,1.0
2025-12-11T00:19:00.399828,0.395,0.61,1.005
2025-12-11T00:19:01.002192,0.385,0.615,1.0
2025-12-11T00:19:01.606427,0.385,0.615,1.0
2025-12-11T00:19:00.887600,0.385,0.615,1.0
2025-12-11T00:19:01.503174,0.385,0.615,1.0
2025-12-11T00:19:02.112594,0.385,0.615,1.0
2025-12-11T00:19:02.722349,0.385,0.615,1.0
2025-12-11T00:19:03.338049,0.385,0.615,1.0
2025-12-11T00:19:03.955903,0.395,0.605,1.0
2025-12-11T00:19:04.568777,0.415,0.585,1.0
2025-12-11T00:19:05.214914,0.42,0.58,1.0
2025-12-11T00:19:05.839425,0.415,0.585,1.0
2025-12-11T00:19:06.457905,0.415,0.585,1.0
2025-12-11T00:19:07.076442,0.395,0.605,1.0
2025-12-11T00:19:07.699866,0.39,0.61,1.0
2025-12-11T00:19:08.327538,0.385,0.615,1.0
2025-12-11T00:19:08.939752,0.385,0.615,1.0
2025-12-11T00:19:09.555703,0.375,0.625,1.0
2025-12-11T00:19:10.170516,0.375,0.625,1.0
2025-12-11T00:19:10.788103,0.375,0.625,1.0
2025-12-11T00:19:11.412441,0.375,0.625,1.0
2025-12-11T00:19:12.030737,0.375,0.625,1.0
2025-12-11T00:19:12.635165,0.385,0.615,1.0
2025-12-11T00:19:13.249786,0.385,0.615,1.0
2025-12-11T00:19:13.868267,0.405,0.595,1.0
2025-12-11T00:19:14.484341,0.4,0.6,1.0
2025-12-11T00:19:15.113813,0.4,0.6,1.0
2025-12-11T00:19:15.743986,0.395,0.605,1.0
2025-12-11T00:19:16.351819,0.37,0.635,1.005
2025-12-11T00:19:16.969096,0.355,0.64,0.995
2025-12-11T00:19:17.584825,0.355,0.645,1.0
2025-12-11T00:19:18.206138,0.345,0.655,1.0
2025-12-11T00:19:18.815804,0.355,0.645,1.0
2025-12-11T00:19:19.442428,0.355,0.645,1.0
2025-12-11T00:19:20.061565,0.355,0.645,1.0
2025-12-11T00:19:20.682123,0.365,0.635,1.0
2025-12-11T00:19:21.293227,0.36,0.64,1.0
2025-12-11T00:19:21.914979,0.375,0.625,1.0
2025-12-11T00:19:22.528918,0.375,0.635,1.01
2025-12-11T00:19:23.143771,0.365,0.635,1.0
2025-12-11T00:19:23.758283,0.37,0.63,1.0
2025-12-11T00:19:24.374137,0.37,0.63,1.0
2025-12-11T00:19:24.991229,0.37,0.63,1.0
2025-12-11T00:19:25.607354,0.37,0.63,1.0
2025-12-11T00:19:26.215282,0.365,0.635,1.0
2025-12-11T00:19:26.830334,0.365,0.635,1.0
2025-12-11T00:19:27.446190,0.365,0.635,1.0
2025-12-11T00:19:28.076970,0.365,0.635,1.0
2025-12-11T00:19:28.690273,0.375,0.625,1.0
2025-12-11T00:19:29.303336,0.375,0.625,1.0
2025-12-11T00:19:29.920580,0.375,0.625,1.0
2025-12-11T00:19:30.546805,0.355,0.645,1.0
2025-12-11T00:19:31.179526,0.36,0.64,1.0
2025-12-11T00:19:31.789159,0.355,0.64,0.995
2025-12-11T00:19:32.402139,0.355,0.64,0.995
2025-12-11T00:19:31.697909,0.36,0.64,1.0
2025-12-11T00:19:32.314362,0.35,0.65,1.0
2025-12-11T00:19:32.927607,0.345,0.655,1.0
2025-12-11T00:19:33.544557,0.335,0.665,1.0
2025-12-11T00:19:34.157702,0.335,0.665,1.0
2025-12-11T00:19:34.767922,0.335,0.665,1.0
2025-12-11T00:19:35.375344,0.345,0.65,0.995
2025-12-11T00:19:35.997780,0.34,0.665,1.0050000000000001
2025-12-11T00:19:36.611758,0.335,0.665,1.0
2025-12-11T00:19:37.217695,0.335,0.665,1.0
2025-12-11T00:19:37.822027,0.335,0.665,1.0
2025-12-11T00:19:38.432246,0.335,0.655,0.99
2025-12-11T00:19:39.058538,0.34,0.66,1.0
2025-12-11T00:19:39.669232,0.35,0.65,1.0
2025-12-11T00:19:40.276869,0.34,0.66,1.0
2025-12-11T00:19:40.900608,0.335,0.665,1.0
2025-12-11T00:19:41.515898,0.34,0.66,1.0
2025-12-11T00:19:42.132344,0.35,0.65,1.0
2025-12-11T00:19:42.759594,0.35,0.65,1.0
2025-12-11T00:19:43.374273,0.35,0.65,1.0
2025-12-11T00:19:43.992850,0.355,0.645,1.0
2025-12-11T00:19:44.615373,0.355,0.645,1.0
2025-12-11T00:19:45.264109,0.345,0.65,0.995
2025-12-11T00:19:45.901712,0.355,0.645,1.0
2025-12-11T00:19:46.532407,0.35,0.65,1.0
2025-12-11T00:19:47.176196,0.35,0.65,1.0
2025-12-11T00:19:47.779239,0.345,0.655,1.0
2025-12-11T00:19:48.397494,0.335,0.665,1.0
2025-12-11T00:19:49.029252,0.35,0.65,1.0
2025-12-11T00:19:49.644959,0.355,0.645,1.0
2025-12-11T00:19:50.251360,0.355,0.645,1.0
2025-12-11T00:19:50.859441,0.355,0.645,1.0
2025-12-11T00:19:51.471358,0.355,0.645,1.0
2025-12-11T00:19:52.097798,0.355,0.645,1.0
2025-12-11T00:19:52.706625,0.355,0.645,1.0
2025-12-11T00:19:53.311108,0.365,0.635,1.0
2025-12-11T00:19:53.927600,0.355,0.645,1.0
2025-12-11T00:19:54.545940,0.355,0.645,1.0
2025-12-11T00:19:55.155809,0.355,0.645,1.0
2025-12-11T00:19:55.766073,0.35,0.65,1.0
2025-12-11T00:19:56.364348,0.355,0.645,1.0
2025-12-11T00:19:56.966329,0.355,0.645,1.0
2025-12-11T00:19:57.597068,0.355,0.635,0.99
2025-12-11T00:19:58.205629,0.375,0.625,1.0
2025-12-11T00:19:58.803170,0.385,0.615,1.0
2025-12-11T00:19:59.404253,0.385,0.615,1.0
2025-12-11T00:20:00.016896,0.385,0.615,1.0
2025-12-11T00:20:00.617887,0.39,0.61,1.0
2025-12-11T00:20:01.220003,0.395,0.605,1.0
2025-12-11T00:20:01.816599,0.385,0.615,1.0
2025-12-11T00:20:02.417723,0.395,0.605,1.0
2025-12-11T00:20:03.023667,0.395,0.605,1.0
2025-12-11T00:20:03.627015,0.395,0.605,1.0
2025-12-11T00:20:02.985193,0.395,0.605,1.0
2025-12-11T00:20:03.603792,0.395,0.605,1.0
2025-12-11T00:20:04.216730,0.395,0.605,1.0
2025-12-11T00:20:04.821826,0.395,0.605,1.0
2025-12-11T00:20:05.437386,0.395,0.605,1.0
2025-12-11T00:20:06.034371,0.395,0.605,1.0
2025-12-11T00:20:06.641974,0.395,0.605,1.0
2025-12-11T00:20:07.250272,0.39,0.61,1.0
2025-12-11T00:20:07.849443,0.39,0.605,0.995
2025-12-11T00:20:08.456767,0.39,0.61,1.0
2025-12-11T00:20:09.065593,0.395,0.605,1.0
2025-12-11T00:20:09.674024,0.395,0.605,1.0
2025-12-11T00:20:10.278493,0.395,0.605,1.0
2025-12-11T00:20:10.899292,0.395,0.605,1.0
2025-12-11T00:20:11.526627,0.385,0.615,1.0
2025-12-11T00:20:12.131272,0.385,0.615,1.0
2025-12-11T00:20:12.737427,0.4,0.595,0.995
2025-12-11T00:20:13.339411,0.405,0.595,1.0
2025-12-11T00:20:13.937301,0.4,0.6,1.0
2025-12-11T00:20:14.560527,0.4,0.6,1.0
2025-12-11T00:20:15.167888,0.395,0.605,1.0
2025-12-11T00:20:15.780053,0.405,0.595,1.0
2025-12-11T00:20:16.471691,0.405,0.595,1.0
2025-12-11T00:20:17.084824,0.405,0.595,1.0
2025-12-11T00:20:17.689358,0.405,0.595,1.0
2025-12-11T00:20:18.294648,0.405,0.595,1.0
2025-12-11T00:20:18.930041,0.405,0.595,1.0
2025-12-11T00:20:19.533849,0.415,0.585,1.0
2025-12-11T00:20:20.143165,0.415,0.585,1.0
2025-12-11T00:20:20.751289,0.415,0.585,1.0
2025-12-11T00:20:21.361101,0.435,0.57,1.005
2025-12-11T00:20:21.972208,0.435,0.565,1.0
2025-12-11T00:20:22.586128,0.44,0.56,1.0
2025-12-11T00:20:23.206055,0.435,0.565,1.0
2025-12-11T00:20:23.813398,0.435,0.56,0.9950000000000001
2025-12-11T00:20:24.422780,0.445,0.555,1.0
2025-12-11T00:20:25.026043,0.445,0.555,1.0
2025-12-11T00:20:25.631478,0.445,0.555,1.0
2025-12-11T00:20:26.242000,0.445,0.555,1.0
2025-12-11T00:20:26.841709,0.445,0.555,1.0
2025-12-11T00:20:27.437917,0.445,0.555,1.0
2025-12-11T00:20:28.042361,0.455,0.545,1.0
2025-12-11T00:20:28.655379,0.455,0.545,1.0
2025-12-11T00:20:29.270688,0.45,0.55,1.0
2025-12-11T00:20:29.880902,0.445,0.555,1.0
2025-12-11T00:20:30.501340,0.445,0.555,1.0
2025-12-11T00:20:31.122735,0.435,0.565,1.0
2025-12-11T00:20:31.736242,0.425,0.575,1.0
2025-12-11T00:20:32.352830,0.415,0.585,1.0
2025-12-11T00:20:32.971575,0.415,0.585,1.0
2025-12-11T00:20:33.577831,0.415,0.585,1.0
2025-12-11T00:20:34.180841,0.415,0.585,1.0
2025-12-11T00:20:34.778819,0.415,0.585,1.0
2025-12-11T00:20:34.086162,0.415,0.585,1.0
2025-12-11T00:20:34.685028,0.425,0.575,1.0
2025-12-11T00:20:35.294275,0.445,0.555,1.0
2025-12-11T00:20:35.892411,0.445,0.555,1.0
2025-12-11T00:20:36.507708,0.445,0.555,1.0
2025-12-11T00:20:37.121837,0.445,0.555,1.0
2025-12-11T00:20:37.726963,0.44,0.56,1.0
2025-12-11T00:20:38.331643,0.435,0.565,1.0
2025-12-11T00:20:38.942840,0.445,0.545,0.99
2025-12-11T00:20:39.553925,0.445,0.555,1.0
2025-12-11T00:20:40.161807,0.445,0.555,1.0
2025-12-11T00:20:40.763278,0.445,0.555,1.0
2025-12-11T00:20:41.376400,0.45,0.55,1.0
2025-12-11T00:20:41.984987,0.455,0.545,1.0
2025-12-11T00:20:42.611820,0.45,0.55,1.0
2025-12-11T00:20:43.220992,0.455,0.545,1.0
2025-12-11T00:20:43.833748,0.455,0.545,1.0
2025-12-11T00:20:44.441147,0.455,0.545,1.0
2025-12-11T00:20:45.041984,0.445,0.555,1.0
2025-12-11T00:20:45.652403,0.445,0.555,1.0
2025-12-11T00:20:46.260289,0.455,0.545,1.0
2025-12-11T00:20:46.879066,0.45,0.555,1.0050000000000001
2025-12-11T00:20:47.528071,0.455,0.545,1.0
2025-12-11T00:20:48.143334,0.455,0.545,1.0
2025-12-11T00:20:48.751758,0.465,0.54,1.0050000000000001
2025-12-11T00:20:49.363074,0.475,0.525,1.0
2025-12-11T00:20:49.962846,0.47,0.53,1.0
2025-12-11T00:20:50.576502,0.47,0.53,1.0
2025-12-11T00:20:51.190692,0.47,0.53,1.0
2025-12-11T00:20:51.803270,0.48,0.52,1.0
2025-12-11T00:20:52.410319,0.475,0.525,1.0
2025-12-11T00:20:53.014774,0.475,0.525,1.0
2025-12-11T00:20:53.640910,0.465,0.535,1.0
2025-12-11T00:20:54.255787,0.465,0.535,1.0
2025-12-11T00:20:54.864228,0.465,0.535,1.0
2025-12-11T00:20:55.469303,0.465,0.535,1.0
2025-12-11T00:20:56.071503,0.465,0.535,1.0
2025-12-11T00:20:56.672766,0.465,0.535,1.0
2025-12-11T00:20:57.287710,0.465,0.535,1.0
2025-12-11T00:20:57.890260,0.455,0.545,1.0
2025-12-11T00:20:58.514037,0.445,0.555,1.0
2025-12-11T00:20:59.125978,0.435,0.565,1.0
2025-12-11T00:20:59.732252,0.43,0.575,1.005
2025-12-11T00:21:00.332945,0.425,0.575,1.0
2025-12-11T00:21:00.936643,0.415,0.585,1.0
2025-12-11T00:21:01.543502,0.405,0.595,1.0
2025-12-11T00:21:02.157146,0.41,0.585,0.9949999999999999
2025-12-11T00:21:02.765711,0.415,0.585,1.0
2025-12-11T00:21:03.378160,0.415,0.585,1.0
2025-12-11T00:21:03.978854,0.425,0.575,1.0
2025-12-11T00:21:04.592452,0.425,0.575,1.0
2025-12-11T00:21:05.198004,0.425,0.575,1.0
2025-12-11T00:21:04.525164,0.415,0.585,1.0
2025-12-11T00:21:05.149500,0.415,0.58,0.9949999999999999
2025-12-11T00:21:05.758148,0.42,0.58,1.0
2025-12-11T00:21:06.362229,0.42,0.58,1.0
2025-12-11T00:21:06.963598,0.42,0.58,1.0
2025-12-11T00:21:07.575130,0.42,0.58,1.0
2025-12-11T00:21:08.189829,0.425,0.575,1.0
2025-12-11T00:21:08.799691,0.425,0.575,1.0
2025-12-11T00:21:09.412304,0.405,0.595,1.0
2025-12-11T00:21:10.026228,0.405,0.595,1.0
2025-12-11T00:21:10.647168,0.405,0.59,0.995
2025-12-11T00:21:11.270441,0.41,0.59,1.0
2025-12-11T00:21:11.885587,0.405,0.595,1.0
2025-12-11T00:21:12.506288,0.405,0.595,1.0
2025-12-11T00:21:13.118702,0.395,0.605,1.0
2025-12-11T00:21:13.769022,0.415,0.585,1.0
2025-12-11T00:21:14.371396,0.385,0.615,1.0
2025-12-11T00:21:14.970730,0.395,0.605,1.0
2025-12-11T00:21:15.582501,0.395,0.605,1.0
2025-12-11T00:21:16.203063,0.395,0.605,1.0
2025-12-11T00:21:16.821685,0.395,0.605,1.0
2025-12-11T00:21:17.421693,0.395,0.605,1.0
2025-12-11T00:21:18.043302,0.395,0.605,1.0
2025-12-11T00:21:18.652280,0.395,0.605,1.0
2025-12-11T00:21:19.262837,0.41,0.585,0.9949999999999999
2025-12-11T00:21:19.875617,0.415,0.585,1.0
2025-12-11T00:21:20.471057,0.415,0.585,1.0
2025-12-11T00:21:21.094080,0.415,0.585,1.0
2025-12-11T00:21:21.697338,0.42,0.58,1.0
2025-12-11T00:21:22.301023,0.425,0.575,1.0
2025-12-11T00:21:22.910348,0.42,0.585,1.005
2025-12-11T00:21:23.535986,0.415,0.585,1.0
2025-12-11T00:21:24.137206,0.405,0.595,1.0
2025-12-11T00:21:24.735897,0.415,0.585,1.0
2025-12-11T00:21:25.350437,0.415,0.585,1.0
2025-12-11T00:21:25.958768,0.415,0.585,1.0
2025-12-11T00:21:26.578925,0.415,0.585,1.0
2025-12-11T00:21:27.203339,0.415,0.585,1.0
2025-12-11T00:21:27.815696,0.42,0.58,1.0
2025-12-11T00:21:28.428315,0.425,0.575,1.0
2025-12-11T00:21:29.040486,0.425,0.575,1.0
2025-12-11T00:21:29.673665,0.445,0.555,1.0
2025-12-11T00:21:30.281519,0.465,0.535,1.0
2025-12-11T00:21:30.902505,0.47,0.53,1.0
2025-12-11T00:21:31.505454,0.47,0.53,1.0
2025-12-11T00:21:32.122954,0.47,0.53,1.0
2025-12-11T00:21:32.740858,0.47,0.535,1.005
2025-12-11T00:21:33.361886,0.42,0.585,1.005
2025-12-11T00:21:33.981299,0.415,0.585,1.0
2025-12-11T00:21:34.587144,0.385,0.615,1.0
2025-12-11T00:21:35.201511,0.385,0.615,1.0
2025-12-11T00:21:35.826250,0.385,0.615,1.0
2025-12-11T00:21:36.453472,0.385,0.615,1.0
2025-12-11T00:21:35.717378,0.38,0.62,1.0
2025-12-11T00:21:36.316632,0.385,0.615,1.0
2025-12-11T00:21:36.925183,0.385,0.615,1.0
2025-12-11T00:21:37.529391,0.385,0.615,1.0
2025-12-11T00:21:38.136796,0.395,0.605,1.0
2025-12-11T00:21:38.744239,0.395,0.605,1.0
2025-12-11T00:21:39.355874,0.395,0.605,1.0
2025-12-11T00:21:39.967040,0.395,0.605,1.0
2025-12-11T00:21:40.580704,0.395,0.605,1.0
2025-12-11T00:21:41.192691,0.395,0.605,1.0
2025-12-11T00:21:41.807580,0.39,0.61,1.0
2025-12-11T00:21:42.412657,0.39,0.61,1.0
2025-12-11T00:21:43.022700,0.39,0.615,1.005
2025-12-11T00:21:43.626617,0.385,0.615,1.0
2025-12-11T00:21:44.224349,0.39,0.61,1.0
2025-12-11T00:21:44.833595,0.39,0.61,1.0
2025-12-11T00:21:45.475564,0.375,0.625,1.0
2025-12-11T00:21:46.108285,0.38,0.62,1.0
2025-12-11T00:21:46.709740,0.38,0.62,1.0
2025-12-11T00:21:47.313269,0.38,0.62,1.0
2025-12-11T00:21:47.923576,0.38,0.62,1.0
2025-12-11T00:21:48.527649,0.38,0.62,1.0
2025-12-11T00:21:49.130757,0.375,0.625,1.0
2025-12-11T00:21:49.745007,0.38,0.62,1.0
2025-12-11T00:21:50.367854,0.38,0.62,1.0
2025-12-11T00:21:50.967436,0.38,0.62,1.0
2025-12-11T00:21:51.589887,0.38,0.62,1.0
2025-12-11T00:21:52.194793,0.375,0.625,1.0
2025-12-11T00:21:52.799026,0.375,0.625,1.0
2025-12-11T00:21:53.425271,0.375,0.625,1.0
2025-12-11T00:21:54.053606,0.38,0.62,1.0
2025-12-11T00:21:54.703769,0.385,0.615,1.0
2025-12-11T00:21:55.314887,0.38,0.62,1.0
2025-12-11T00:21:55.916567,0.38,0.62,1.0
2025-12-11T00:21:56.522862,0.38,0.62,1.0
2025-12-11T00:21:57.123941,0.38,0.62,1.0
2025-12-11T00:21:57.732182,0.38,0.62,1.0
2025-12-11T00:21:58.351078,0.38,0.62,1.0
2025-12-11T00:21:58.977707,0.38,0.62,1.0
2025-12-11T00:21:59.587637,0.38,0.62,1.0
2025-12-11T00:22:00.210412,0.385,0.615,1.0
2025-12-11T00:22:00.846724,0.385,0.615,1.0
2025-12-11T00:22:01.450177,0.375,0.625,1.0
2025-12-11T00:22:02.071860,0.375,0.625,1.0
2025-12-11T00:22:02.685951,0.38,0.62,1.0
2025-12-11T00:22:03.333966,0.38,0.62,1.0
2025-12-11T00:22:03.935764,0.38,0.62,1.0
2025-12-11T00:22:04.541902,0.38,0.62,1.0
2025-12-11T00:22:05.165253,0.375,0.625,1.0
2025-12-11T00:22:05.775471,0.365,0.635,1.0
2025-12-11T00:22:06.380872,0.37,0.63,1.0
2025-12-11T00:22:06.992771,0.37,0.63,1.0
2025-12-11T00:22:06.183904,0.37,0.63,1.0
2025-12-11T00:22:06.804884,0.37,0.63,1.0
2025-12-11T00:22:07.411557,0.365,0.635,1.0
2025-12-11T00:22:08.021744,0.355,0.645,1.0
2025-12-11T00:22:08.637589,0.355,0.645,1.0
2025-12-11T00:22:09.241145,0.365,0.635,1.0
2025-12-11T00:22:09.856159,0.345,0.655,1.0
2025-12-11T00:22:10.464699,0.355,0.645,1.0
2025-12-11T00:22:11.074135,0.355,0.645,1.0
2025-12-11T00:22:11.702197,0.355,0.65,1.005
2025-12-11T00:22:12.313987,0.345,0.655,1.0
2025-12-11T00:22:12.921693,0.35,0.65,1.0
2025-12-11T00:22:13.540888,0.35,0.65,1.0
2025-12-11T00:22:14.156664,0.35,0.65,1.0
2025-12-11T00:22:14.764144,0.35,0.65,1.0
2025-12-11T00:22:15.362143,0.35,0.65,1.0
2025-12-11T00:22:15.963246,0.35,0.65,1.0
2025-12-11T00:22:16.572034,0.35,0.65,1.0
2025-12-11T00:22:17.183548,0.35,0.65,1.0
2025-12-11T00:22:17.809048,0.35,0.65,1.0
2025-12-11T00:22:18.424002,0.35,0.65,1.0
2025-12-11T00:22:19.029143,0.35,0.65,1.0
2025-12-11T00:22:19.648353,0.35,0.65,1.0
2025-12-11T00:22:20.256859,0.345,0.655,1.0
2025-12-11T00:22:20.868918,0.35,0.65,1.0
2025-12-11T00:22:21.472527,0.35,0.65,1.0
2025-12-11T00:22:22.089991,0.35,0.65,1.0
2025-12-11T00:22:22.695753,0.35,0.65,1.0
2025-12-11T00:22:23.294421,0.355,0.645,1.0
2025-12-11T00:22:23.918842,0.355,0.645,1.0
2025-12-11T00:22:24.517231,0.355,0.645,1.0
2025-12-11T00:22:25.138289,0.35,0.645,0.995
2025-12-11T00:22:25.748392,0.355,0.645,1.0
2025-12-11T00:22:26.351052,0.345,0.655,1.0
2025-12-11T00:22:26.948844,0.34,0.66,1.0
2025-12-11T00:22:27.550371,0.34,0.66,1.0
2025-12-11T00:22:28.170801,0.34,0.66,1.0
2025-12-11T00:22:28.783148,0.345,0.655,1.0
2025-12-11T00:22:29.396772,0.34,0.66,1.0
2025-12-11T00:22:30.024380,0.335,0.665,1.0
2025-12-11T00:22:30.639504,0.335,0.665,1.0
2025-12-11T00:22:31.249771,0.335,0.665,1.0
2025-12-11T00:22:31.861635,0.335,0.665,1.0
2025-12-11T00:22:32.478763,0.34,0.66,1.0
2025-12-11T00:22:33.082354,0.335,0.66,0.9950000000000001
2025-12-11T00:22:33.701071,0.34,0.66,1.0
2025-12-11T00:22:34.303820,0.345,0.655,1.0
2025-12-11T00:22:34.930985,0.345,0.655,1.0
2025-12-11T00:22:35.531835,0.34,0.665,1.0050000000000001
2025-12-11T00:22:36.142854,0.34,0.66,1.0
2025-12-11T00:22:36.755958,0.35,0.65,1.0
2025-12-11T00:22:37.373322,0.36,0.645,1.005
2025-12-11T00:22:37.994020,0.355,0.645,1.0
2025-12-11T00:22:37.205354,0.355,0.645,1.0
2025-12-11T00:22:37.827385,0.35,0.65,1.0
2025-12-11T00:22:38.446387,0.35,0.65,1.0
2025-12-11T00:22:39.063319,0.345,0.655,1.0
2025-12-11T00:22:39.667556,0.345,0.655,1.0
2025-12-11T00:22:40.274914,0.345,0.655,1.0
2025-12-11T00:22:40.907605,0.345,0.65,0.995
2025-12-11T00:22:41.517153,0.35,0.65,1.0
2025-12-11T00:22:42.121145,0.35,0.65,1.0
2025-12-11T00:22:42.734802,0.35,0.65,1.0
2025-12-11T00:22:43.354702,0.345,0.655,1.0
2025-12-11T00:22:43.968386,0.34,0.66,1.0
2025-12-11T00:22:44.578942,0.325,0.675,1.0
2025-12-11T00:22:45.184405,0.34,0.66,1.0
2025-12-11T00:22:45.803583,0.34,0.66,1.0
2025-12-11T00:22:46.417894,0.34,0.66,1.0
2025-12-11T00:22:47.044465,0.34,0.66,1.0
2025-12-11T00:22:47.657521,0.345,0.655,1.0
2025-12-11T00:22:48.266645,0.35,0.65,1.0
2025-12-11T00:22:48.880797,0.345,0.655,1.0
2025-12-11T00:22:49.493667,0.335,0.665,1.0
2025-12-11T00:22:50.092241,0.325,0.675,1.0
2025-12-11T00:22:50.717945,0.33,0.675,1.0050000000000001
2025-12-11T00:22:51.330666,0.325,0.675,1.0
2025-12-11T00:22:51.938622,0.315,0.68,0.9950000000000001
2025-12-11T00:22:52.539645,0.315,0.685,1.0
2025-12-11T00:22:53.151900,0.32,0.68,1.0
2025-12-11T00:22:53.770298,0.32,0.68,1.0
2025-12-11T00:22:54.382348,0.32,0.68,1.0
2025-12-11T00:22:54.994348,0.32,0.68,1.0
2025-12-11T00:22:55.610899,0.32,0.68,1.0
2025-12-11T00:22:56.233778,0.315,0.685,1.0
2025-12-11T00:22:56.859358,0.315,0.685,1.0
2025-12-11T00:22:57.490417,0.305,0.695,1.0
2025-12-11T00:22:58.107988,0.305,0.705,1.01
2025-12-11T00:22:58.727202,0.295,0.705,1.0
2025-12-11T00:22:59.344502,0.29,0.71,1.0
2025-12-11T00:22:59.964305,0.295,0.705,1.0
2025-12-11T00:23:00.585795,0.295,0.705,1.0
2025-12-11T00:23:01.202062,0.295,0.705,1.0
2025-12-11T00:23:01.811450,0.29,0.71,1.0
2025-12-11T00:23:02.426532,0.295,0.705,1.0
2025-12-11T00:23:03.043320,0.29,0.705,0.9949999999999999
2025-12-11T00:23:03.666538,0.305,0.695,1.0
2025-12-11T00:23:04.286888,0.305,0.695,1.0
2025-12-11T00:23:04.903897,0.305,0.695,1.0
2025-12-11T00:23:05.516150,0.305,0.695,1.0
2025-12-11T00:23:06.118255,0.305,0.695,1.0
2025-12-11T00:23:06.735850,0.305,0.695,1.0
2025-12-11T00:23:07.365865,0.305,0.695,1.0
2025-12-11T00:23:07.986320,0.305,0.695,1.0
2025-12-11T00:23:08.605475,0.3,0.7,1.0
2025-12-11T00:23:09.244141,0.3,0.7,1.0
2025-12-11T00:23:08.548127,0.33,0.67,1.0
2025-12-11T00:23:09.159781,0.345,0.65,0.995
2025-12-11T00:23:09.773300,0.355,0.645,1.0
2025-12-11T00:23:10.376627,0.355,0.645,1.0
2025-12-11T00:23:10.991887,0.355,0.645,1.0
2025-12-11T00:23:11.615912,0.355,0.645,1.0
2025-12-11T00:23:12.235719,0.365,0.635,1.0
2025-12-11T00:23:12.845316,0.365,0.635,1.0
2025-12-11T00:23:13.452253,0.365,0.635,1.0
2025-12-11T00:23:14.057342,0.365,0.635,1.0
2025-12-11T00:23:14.667202,0.365,0.635,1.0
2025-12-11T00:23:15.287843,0.365,0.635,1.0
2025-12-11T00:23:15.905154,0.355,0.645,1.0
2025-12-11T00:23:16.517998,0.355,0.645,1.0
2025-12-11T00:23:17.154179,0.365,0.635,1.0
2025-12-11T00:23:17.797023,0.37,0.625,0.995
2025-12-11T00:23:18.405043,0.375,0.625,1.0
2025-12-11T00:23:19.024480,0.365,0.635,1.0
2025-12-11T00:23:19.636725,0.365,0.635,1.0
2025-12-11T00:23:20.269743,0.365,0.635,1.0
2025-12-11T00:23:20.873140,0.365,0.635,1.0
2025-12-11T00:23:21.478450,0.365,0.635,1.0
2025-12-11T00:23:22.084956,0.365,0.635,1.0
2025-12-11T00:23:22.700472,0.36,0.64,1.0
2025-12-11T00:23:23.324357,0.36,0.64,1.0
2025-12-11T00:23:23.942340,0.36,0.64,1.0
2025-12-11T00:23:24.549578,0.355,0.645,1.0
2025-12-11T00:23:25.165562,0.36,0.64,1.0
2025-12-11T00:23:25.801066,0.36,0.63,0.99
2025-12-11T00:23:26.415251,0.37,0.63,1.0
2025-12-11T00:23:27.042016,0.365,0.635,1.0
2025-12-11T00:23:27.656593,0.365,0.635,1.0
2025-12-11T00:23:28.275655,0.375,0.625,1.0
2025-12-11T00:23:28.887538,0.375,0.625,1.0
2025-12-11T00:23:29.497183,0.355,0.645,1.0
2025-12-11T00:23:30.161891,0.305,0.695,1.0
2025-12-11T00:23:30.805364,0.295,0.705,1.0
2025-12-11T00:23:31.424841,0.3,0.695,0.9949999999999999
2025-12-11T00:23:32.042877,0.305,0.695,1.0
2025-12-11T00:23:32.664093,0.31,0.69,1.0
2025-12-11T00:23:33.279212,0.305,0.695,1.0
2025-12-11T00:23:33.920842,0.315,0.68,0.9950000000000001
2025-12-11T00:23:34.538407,0.325,0.675,1.0
2025-12-11T00:23:35.159775,0.335,0.665,1.0
2025-12-11T00:23:35.779912,0.34,0.66,1.0
2025-12-11T00:23:36.384836,0.34,0.66,1.0
2025-12-11T00:23:37.009729,0.335,0.665,1.0
2025-12-11T00:23:37.639106,0.34,0.665,1.0050000000000001
2025-12-11T00:23:38.282145,0.335,0.665,1.0
2025-12-11T00:23:38.890375,0.335,0.665,1.0
2025-12-11T00:23:39.498713,0.335,0.665,1.0
2025-12-11T00:23:40.108971,0.335,0.665,1.0
2025-12-11T00:23:39.399835,0.345,0.655,1.0
2025-12-11T00:23:40.005504,0.35,0.65,1.0
2025-12-11T00:23:40.623276,0.355,0.645,1.0
2025-12-11T00:23:41.247154,0.35,0.65,1.0
2025-12-11T00:23:41.862660,0.35,0.65,1.0
2025-12-11T00:23:42.484256,0.35,0.65,1.0
2025-12-11T00:23:43.092616,0.345,0.65,0.995
2025-12-11T00:23:43.713380,0.355,0.645,1.0
2025-12-11T00:23:44.317895,0.34,0.66,1.0
2025-12-11T00:23:44.934825,0.34,0.66,1.0
2025-12-11T00:23:45.546691,0.34,0.66,1.0
2025-12-11T00:23:46.149415,0.34,0.66,1.0
2025-12-11T00:23:46.759823,0.34,0.66,1.0
2025-12-11T00:23:47.375903,0.325,0.675,1.0
2025-12-11T00:23:48.007544,0.325,0.675,1.0
2025-12-11T00:23:48.609066,0.33,0.67,1.0
2025-12-11T00:23:49.250393,0.33,0.67,1.0
2025-12-11T00:23:49.870323,0.33,0.67,1.0
2025-12-11T00:23:50.473982,0.33,0.67,1.0
2025-12-11T00:23:51.076382,0.325,0.675,1.0
2025-12-11T00:23:51.720104,0.315,0.68,0.9950000000000001
2025-12-11T00:23:52.347920,0.315,0.68,0.9950000000000001
2025-12-11T00:23:52.954800,0.325,0.675,1.0
2025-12-11T00:23:53.561748,0.32,0.68,1.0
2025-12-11T00:23:54.179071,0.32,0.68,1.0
2025-12-11T00:23:54.785588,0.32,0.68,1.0
2025-12-11T00:23:55.388384,0.325,0.675,1.0
2025-12-11T00:23:56.002582,0.335,0.665,1.0
2025-12-11T00:23:56.609031,0.33,0.67,1.0
2025-12-11T00:23:57.214241,0.33,0.67,1.0
2025-12-11T00:23:57.816949,0.33,0.67,1.0
2025-12-11T00:23:58.426945,0.33,0.67,1.0
2025-12-11T00:23:59.033014,0.33,0.67,1.0
2025-12-11T00:23:59.645229,0.33,0.67,1.0
2025-12-11T00:24:00.246130,0.345,0.655,1.0
2025-12-11T00:24:00.849646,0.375,0.625,1.0
2025-12-11T00:24:01.463606,0.375,0.625,1.0
2025-12-11T00:24:02.072459,0.375,0.635,1.01
2025-12-11T00:24:02.672053,0.35,0.65,1.0
2025-12-11T00:24:03.281072,0.345,0.655,1.0
2025-12-11T00:24:03.893857,0.34,0.665,1.0050000000000001
2025-12-11T00:24:04.497142,0.335,0.665,1.0
2025-12-11T00:24:05.103778,0.335,0.665,1.0
2025-12-11T00:24:05.717891,0.335,0.665,1.0
2025-12-11T00:24:06.324420,0.335,0.67,1.0050000000000001
2025-12-11T00:24:06.935686,0.325,0.675,1.0
2025-12-11T00:24:07.556692,0.325,0.675,1.0
2025-12-11T00:24:08.169711,0.335,0.665,1.0
2025-12-11T00:24:08.773562,0.335,0.665,1.0
2025-12-11T00:24:09.386226,0.335,0.665,1.0
2025-12-11T00:24:10.014325,0.33,0.67,1.0
2025-12-11T00:24:10.623427,0.33,0.67,1.0
2025-12-11T00:24:09.913631,0.33,0.67,1.0
2025-12-11T00:24:10.524732,0.33,0.67,1.0
2025-12-11T00:24:11.140871,0.335,0.665,1.0
2025-12-11T00:24:11.751387,0.335,0.665,1.0
2025-12-11T00:24:12.372792,0.335,0.665,1.0
2025-12-11T00:24:12.981927,0.34,0.66,1.0
2025-12-11T00:24:13.602949,0.345,0.675,1.02
2025-12-11T00:24:14.203424,0.325,0.675,1.0
2025-12-11T00:24:14.822150,0.325,0.675,1.0
2025-12-11T00:24:15.457087,0.325,0.675,1.0
2025-12-11T00:24:16.065945,0.325,0.675,1.0
2025-12-11T00:24:16.685625,0.325,0.675,1.0
2025-12-11T00:24:17.309372,0.325,0.675,1.0
2025-12-11T00:24:17.909682,0.325,0.675,1.0
2025-12-11T00:24:18.518327,0.325,0.675,1.0
2025-12-11T00:24:19.135658,0.325,0.675,1.0
2025-12-11T00:24:19.746998,0.325,0.675,1.0
2025-12-11T00:24:20.373624,0.325,0.675,1.0
2025-12-11T00:24:20.986871,0.325,0.675,1.0
2025-12-11T00:24:21.600900,0.315,0.685,1.0
2025-12-11T00:24:22.208004,0.305,0.695,1.0
2025-12-11T00:24:22.822766,0.295,0.705,1.0
2025-12-11T00:24:23.437764,0.295,0.705,1.0
2025-12-11T00:24:24.052219,0.295,0.705,1.0
2025-12-11T00:24:24.662334,0.295,0.715,1.01
2025-12-11T00:24:25.276550,0.285,0.715,1.0
2025-12-11T00:24:25.887888,0.29,0.71,1.0
2025-12-11T00:24:26.514317,0.285,0.715,1.0
2025-12-11T00:24:27.125439,0.295,0.705,1.0
2025-12-11T00:24:27.739177,0.295,0.705,1.0
2025-12-11T00:24:28.364885,0.29,0.71,1.0
2025-12-11T00:24:28.984287,0.29,0.71,1.0
2025-12-11T00:24:29.604826,0.29,0.71,1.0
2025-12-11T00:24:30.214489,0.29,0.71,1.0
2025-12-11T00:24:30.828594,0.29,0.71,1.0
2025-12-11T00:24:31.441927,0.295,0.705,1.0
2025-12-11T00:24:32.062393,0.29,0.705,0.9949999999999999
2025-12-11T00:24:32.697302,0.29,0.71,1.0
2025-12-11T00:24:33.311210,0.29,0.71,1.0
2025-12-11T00:24:33.924210,0.275,0.725,1.0
2025-12-11T00:24:34.540283,0.275,0.73,1.005
2025-12-11T00:24:35.159115,0.265,0.735,1.0
2025-12-11T00:24:35.779305,0.27,0.73,1.0
2025-12-11T00:24:36.397658,0.28,0.72,1.0
2025-12-11T00:24:37.010722,0.255,0.745,1.0
2025-12-11T00:24:37.622058,0.26,0.74,1.0
2025-12-11T00:24:38.225395,0.265,0.735,1.0
2025-12-11T00:24:38.839884,0.27,0.725,0.995
2025-12-11T00:24:39.471291,0.27,0.73,1.0
2025-12-11T00:24:40.083220,0.265,0.735,1.0
2025-12-11T00:24:40.700423,0.275,0.725,1.0
2025-12-11T00:24:41.326841,0.275,0.725,1.0
2025-12-11T00:24:41.940327,0.275,0.725,1.0
2025-12-11T00:24:41.194014,0.275,0.725,1.0
2025-12-11T00:24:41.811142,0.275,0.725,1.0
2025-12-11T00:24:42.437484,0.265,0.735,1.0
2025-12-11T00:24:43.055329,0.265,0.735,1.0
2025-12-11T00:24:43.669447,0.265,0.735,1.0
2025-12-11T00:24:44.291453,0.265,0.735,1.0
2025-12-11T00:24:44.902208,0.265,0.735,1.0
2025-12-11T00:24:45.516861,0.26,0.74,1.0
2025-12-11T00:24:46.127225,0.26,0.74,1.0
2025-12-11T00:24:46.753170,0.265,0.735,1.0
2025-12-11T00:24:47.382155,0.265,0.735,1.0
2025-12-11T00:24:48.002730,0.265,0.74,1.005
2025-12-11T00:24:48.619577,0.26,0.74,1.0
2025-12-11T00:24:49.232636,0.255,0.745,1.0
2025-12-11T00:24:49.851782,0.26,0.745,1.005
2025-12-11T00:24:50.467586,0.26,0.74,1.0
2025-12-11T00:24:51.082906,0.265,0.735,1.0
2025-12-11T00:24:51.704122,0.26,0.74,1.0
2025-12-11T00:24:52.330591,0.26,0.74,1.0
2025-12-11T00:24:52.941788,0.255,0.745,1.0
2025-12-11T00:24:53.549771,0.25,0.75,1.0
2025-12-11T00:24:54.182433,0.245,0.755,1.0
2025-12-11T00:24:54.807966,0.245,0.755,1.0
2025-12-11T00:24:55.432180,0.21,0.79,1.0
2025-12-11T00:24:56.072908,0.205,0.795,1.0
2025-12-11T00:24:56.703521,0.195,0.805,1.0
2025-12-11T00:24:57.341231,0.2,0.8,1.0
2025-12-11T00:24:57.961960,0.2,0.8,1.0
2025-12-11T00:24:58.600518,0.2,0.8,1.0
2025-12-11T00:24:59.221386,0.2,0.8,1.0
2025-12-11T00:24:59.844540,0.19,0.81,1.0
2025-12-11T00:25:00.468681,0.185,0.815,1.0
2025-12-11T00:25:01.084166,0.19,0.81,1.0
2025-12-11T00:25:01.699397,0.195,0.805,1.0
2025-12-11T00:25:02.344318,0.175,0.825,1.0
2025-12-11T00:25:02.957287,0.17,0.835,1.005
2025-12-11T00:25:03.573163,0.16,0.84,1.0
2025-12-11T00:25:04.218920,0.16,0.84,1.0
2025-12-11T00:25:04.822593,0.16,0.855,1.015
2025-12-11T00:25:05.437209,0.145,0.855,1.0
2025-12-11T00:25:06.050030,0.145,0.855,1.0
2025-12-11T00:25:06.680383,0.175,0.825,1.0
2025-12-11T00:25:07.306251,0.175,0.825,1.0
2025-12-11T00:25:07.907306,0.185,0.835,1.02
2025-12-11T00:25:08.530260,0.165,0.835,1.0
2025-12-11T00:25:09.158526,0.165,0.835,1.0
2025-12-11T00:25:09.775758,0.19,0.805,0.9950000000000001
2025-12-11T00:25:10.406724,0.225,0.775,1.0
2025-12-11T00:25:11.022910,0.235,0.77,1.005
2025-12-11T00:25:11.631809,0.25,0.745,0.995
2025-12-11T00:25:12.256374,0.255,0.745,1.0
2025-12-11T00:25:12.864780,0.275,0.73,1.005
2025-12-11T00:25:12.018214,0.265,0.735,1.0
2025-12-11T00:25:12.630515,0.265,0.735,1.0
2025-12-11T00:25:13.256133,0.265,0.735,1.0
2025-12-11T00:25:13.917316,0.27,0.75,1.02
2025-12-11T00:25:14.532932,0.245,0.75,0.995
2025-12-11T00:25:15.179933,0.25,0.75,1.0
2025-12-11T00:25:15.796629,0.245,0.755,1.0
2025-12-11T00:25:16.411762,0.27,0.735,1.005
2025-12-11T00:25:17.040770,0.27,0.73,1.0
2025-12-11T00:25:17.700537,0.27,0.735,1.005
2025-12-11T00:25:18.322333,0.26,0.74,1.0
2025-12-11T00:25:18.935098,0.255,0.745,1.0
2025-12-11T00:25:19.585510,0.26,0.74,1.0
2025-12-11T00:25:20.201205,0.265,0.735,1.0
2025-12-11T00:25:20.816702,0.245,0.755,1.0
2025-12-11T00:25:21.431946,0.245,0.755,1.0
2025-12-11T00:25:22.046897,0.245,0.755,1.0
2025-12-11T00:25:22.669936,0.255,0.745,1.0
2025-12-11T00:25:23.292651,0.25,0.75,1.0
2025-12-11T00:25:23.907079,0.26,0.74,1.0
2025-12-11T00:25:24.517404,0.265,0.735,1.0
2025-12-11T00:25:25.164626,0.255,0.745,1.0
2025-12-11T00:25:25.777796,0.255,0.745,1.0
2025-12-11T00:25:26.381188,0.275,0.725,1.0
2025-12-11T00:25:27.003191,0.265,0.735,1.0
2025-12-11T00:25:27.613384,0.265,0.735,1.0
2025-12-11T00:25:28.226199,0.26,0.74,1.0
2025-12-11T00:25:28.836796,0.26,0.725,0.985
2025-12-11T00:25:29.447107,0.275,0.725,1.0
2025-12-11T00:25:30.065457,0.265,0.735,1.0
2025-12-11T00:25:30.685538,0.27,0.73,1.0
2025-12-11T00:25:31.305515,0.26,0.74,1.0
2025-12-11T00:25:31.920881,0.26,0.74,1.0
2025-12-11T00:25:32.547887,0.26,0.74,1.0
2025-12-11T00:25:33.169158,0.265,0.735,1.0
2025-12-11T00:25:33.784397,0.265,0.735,1.0
2025-12-11T00:25:34.393881,0.26,0.74,1.0
2025-12-11T00:25:35.009723,0.255,0.745,1.0
2025-12-11T00:25:35.624977,0.255,0.745,1.0
2025-12-11T00:25:36.244933,0.255,0.745,1.0
2025-12-11T00:25:36.876163,0.255,0.745,1.0
2025-12-11T00:25:37.497235,0.265,0.735,1.0
2025-12-11T00:25:38.108300,0.275,0.725,1.0
2025-12-11T00:25:38.726661,0.27,0.73,1.0
2025-12-11T00:25:39.337368,0.265,0.735,1.0
2025-12-11T00:25:39.950452,0.28,0.72,1.0
2025-12-11T00:25:40.595785,0.275,0.72,0.995
2025-12-11T00:25:41.232672,0.275,0.72,0.995
2025-12-11T00:25:41.852212,0.275,0.725,1.0
2025-12-11T00:25:42.474737,0.275,0.725,1.0
2025-12-11T00:25:43.087035,0.27,0.73,1.0
2025-12-11T00:25:43.699909,0.275,0.725,1.0
2025-12-11T00:25:43.003510,0.275,0.725,1.0
2025-12-11T00:25:43.618576,0.275,0.725,1.0
2025-12-11T00:25:44.232844,0.275,0.725,1.0
2025-12-11T00:25:44.847503,0.265,0.735,1.0
2025-12-11T00:25:45.474825,0.265,0.735,1.0
2025-12-11T00:25:46.103252,0.265,0.735,1.0
2025-12-11T00:25:46.721524,0.265,0.735,1.0
2025-12-11T00:25:47.339026,0.265,0.735,1.0
2025-12-11T00:25:47.961796,0.26,0.74,1.0
2025-12-11T00:25:48.576488,0.26,0.74,1.0
2025-12-11T00:25:49.199678,0.255,0.745,1.0
2025-12-11T00:25:49.821980,0.255,0.745,1.0
2025-12-11T00:25:50.440679,0.255,0.745,1.0
2025-12-11T00:25:51.050881,0.265,0.735,1.0
2025-12-11T00:25:51.665186,0.265,0.735,1.0
2025-12-11T00:25:52.282079,0.255,0.745,1.0
2025-12-11T00:25:52.900882,0.255,0.745,1.0
2025-12-11T00:25:53.516098,0.255,0.745,1.0
2025-12-11T00:25:54.126052,0.25,0.75,1.0
2025-12-11T00:25:54.744805,0.255,0.745,1.0
2025-12-11T00:25:55.373285,0.29,0.71,1.0
2025-12-11T00:25:55.987691,0.305,0.695,1.0
2025-12-11T00:25:56.614932,0.295,0.705,1.0
2025-12-11T00:25:57.232653,0.285,0.71,0.9949999999999999
2025-12-11T00:25:57.846217,0.285,0.715,1.0
2025-12-11T00:25:58.466281,0.285,0.715,1.0
2025-12-11T00:25:59.082084,0.285,0.715,1.0
2025-12-11T00:25:59.697372,0.285,0.715,1.0
2025-12-11T00:26:00.320411,0.285,0.715,1.0
2025-12-11T00:26:00.935998,0.29,0.71,1.0
2025-12-11T00:26:01.550388,0.29,0.71,1.0
2025-12-11T00:26:02.151469,0.295,0.705,1.0
2025-12-11T00:26:02.774832,0.285,0.715,1.0
2025-12-11T00:26:03.376802,0.3,0.7,1.0
2025-12-11T00:26:03.996352,0.295,0.705,1.0
2025-12-11T00:26:04.612256,0.295,0.705,1.0
2025-12-11T00:26:05.226594,0.285,0.715,1.0
2025-12-11T00:26:05.843402,0.28,0.72,1.0
2025-12-11T00:26:06.468230,0.28,0.72,1.0
2025-12-11T00:26:07.098702,0.275,0.725,1.0
2025-12-11T00:26:07.733687,0.275,0.725,1.0
2025-12-11T00:26:08.345173,0.265,0.735,1.0
2025-12-11T00:26:08.964044,0.265,0.735,1.0
2025-12-11T00:26:09.591467,0.265,0.735,1.0
2025-12-11T00:26:10.197909,0.265,0.735,1.0
2025-12-11T00:26:10.814024,0.265,0.735,1.0
2025-12-11T00:26:11.429679,0.265,0.735,1.0
2025-12-11T00:26:12.045677,0.265,0.735,1.0
2025-12-11T00:26:12.669747,0.265,0.735,1.0
2025-12-11T00:26:13.290479,0.26,0.74,1.0
2025-12-11T00:26:13.912392,0.255,0.745,1.0
2025-12-11T00:26:14.526767,0.26,0.74,1.0
2025-12-11T00:26:13.777971,0.255,0.745,1.0
2025-12-11T00:26:14.399652,0.26,0.74,1.0
2025-12-11T00:26:15.015799,0.265,0.735,1.0
2025-12-11T00:26:15.625785,0.265,0.735,1.0
2025-12-11T00:26:16.236682,0.265,0.745,1.01
2025-12-11T00:26:16.852562,0.22,0.78,1.0
2025-12-11T00:26:17.496948,0.235,0.77,1.005
2025-12-11T00:26:18.123906,0.23,0.77,1.0
2025-12-11T00:26:18.740932,0.23,0.77,1.0
2025-12-11T00:26:19.356799,0.225,0.775,1.0
2025-12-11T00:26:19.976379,0.235,0.765,1.0
2025-12-11T00:26:20.592356,0.22,0.78,1.0
2025-12-11T00:26:21.221811,0.245,0.755,1.0
2025-12-11T00:26:21.842892,0.225,0.775,1.0
2025-12-11T00:26:22.459417,0.23,0.77,1.0
2025-12-11T00:26:23.072529,0.235,0.765,1.0
2025-12-11T00:26:23.687977,0.235,0.765,1.0
2025-12-11T00:26:24.305905,0.235,0.765,1.0
2025-12-11T00:26:24.924978,0.23,0.77,1.0
2025-12-11T00:26:25.549240,0.195,0.805,1.0
2025-12-11T00:26:26.159566,0.175,0.825,1.0
2025-12-11T00:26:26.779885,0.155,0.845,1.0
2025-12-11T00:26:27.403729,0.145,0.855,1.0
2025-12-11T00:26:28.022230,0.155,0.845,1.0
2025-12-11T00:26:28.635903,0.16,0.84,1.0
2025-12-11T00:26:29.248989,0.155,0.845,1.0
2025-12-11T00:26:29.874839,0.155,0.845,1.0
2025-12-11T00:26:30.504198,0.155,0.845,1.0
2025-12-11T00:26:31.115259,0.155,0.845,1.0
2025-12-11T00:26:31.726171,0.14,0.86,1.0
2025-12-11T00:26:32.344606,0.145,0.855,1.0
2025-12-11T00:26:32.966557,0.145,0.845,0.99
2025-12-11T00:26:33.589861,0.145,0.855,1.0
2025-12-11T00:26:34.213869,0.155,0.845,1.0
2025-12-11T00:26:34.833569,0.14,0.86,1.0
2025-12-11T00:26:35.454579,0.145,0.855,1.0
2025-12-11T00:26:36.096213,0.14,0.86,1.0
2025-12-11T00:26:36.702734,0.145,0.855,1.0
2025-12-11T00:26:37.348973,0.135,0.865,1.0
2025-12-11T00:26:37.965161,0.135,0.865,1.0
2025-12-11T00:26:38.592380,0.135,0.865,1.0
2025-12-11T00:26:39.214540,0.145,0.855,1.0
2025-12-11T00:26:39.902241,0.145,0.855,1.0
2025-12-11T00:26:40.518801,0.14,0.86,1.0
2025-12-11T00:26:41.121825,0.14,0.86,1.0
2025-12-11T00:26:41.729793,0.135,0.865,1.0
2025-12-11T00:26:42.341754,0.145,0.855,1.0
2025-12-11T00:26:42.957055,0.135,0.865,1.0
2025-12-11T00:26:43.579090,0.135,0.865,1.0
2025-12-11T00:26:44.192299,0.135,0.865,1.0
2025-12-11T00:26:44.805204,0.125,0.87,0.995
2025-12-11T00:26:45.423407,0.13,0.87,1.0
2025-12-11T00:26:44.625984,0.14,0.86,1.0
2025-12-11T00:26:45.230528,0.14,0.87,1.01
2025-12-11T00:26:45.840026,0.135,0.865,1.0
2025-12-11T00:26:46.447483,0.135,0.865,1.0
2025-12-11T00:26:47.051656,0.14,0.86,1.0
2025-12-11T00:26:47.659478,0.14,0.86,1.0
2025-12-11T00:26:48.276809,0.14,0.86,1.0
2025-12-11T00:26:48.882620,0.145,0.855,1.0
2025-12-11T00:26:49.493005,0.145,0.855,1.0
2025-12-11T00:26:50.103467,0.145,0.865,1.01
2025-12-11T00:26:50.707074,0.135,0.865,1.0
2025-12-11T00:26:51.309773,0.135,0.865,1.0
2025-12-11T00:26:51.914420,0.135,0.865,1.0
2025-12-11T00:26:52.530443,0.135,0.865,1.0
2025-12-11T00:26:53.140450,0.135,0.865,1.0
2025-12-11T00:26:53.753727,0.135,0.865,1.0
2025-12-11T00:26:54.370486,0.135,0.865,1.0
2025-12-11T00:26:54.976262,0.125,0.875,1.0
2025-12-11T00:26:55.594268,0.12,0.88,1.0
2025-12-11T00:26:56.215349,0.115,0.88,0.995
2025-12-11T00:26:56.836435,0.12,0.88,1.0
2025-12-11T00:26:57.462419,0.12,0.88,1.0
2025-12-11T00:26:58.081783,0.125,0.88,1.005
2025-12-11T00:26:58.700168,0.115,0.885,1.0
2025-12-11T00:26:59.314157,0.115,0.885,1.0
2025-12-11T00:26:59.937793,0.11,0.89,1.0
2025-12-11T00:27:00.560925,0.12,0.88,1.0
2025-12-11T00:27:01.192207,0.125,0.875,1.0
2025-12-11T00:27:01.813717,0.095,0.905,1.0
2025-12-11T00:27:02.427834,0.095,0.905,1.0
2025-12-11T00:27:03.046502,0.085,0.915,1.0
2025-12-11T00:27:03.660276,0.065,0.94,1.005
2025-12-11T00:27:04.286912,0.065,0.935,1.0
2025-12-11T00:27:04.897983,0.06,0.94,1.0
2025-12-11T00:27:05.500599,0.06,0.94,1.0
2025-12-11T00:27:06.121218,0.06,0.94,1.0
2025-12-11T00:27:06.732519,0.06,0.94,1.0
2025-12-11T00:27:07.344532,0.065,0.935,1.0
2025-12-11T00:27:07.962418,0.065,0.935,1.0
2025-12-11T00:27:08.598613,0.065,0.935,1.0
2025-12-11T00:27:09.204309,0.055,0.945,1.0
2025-12-11T00:27:09.811885,0.055,0.945,1.0
2025-12-11T00:27:10.422010,0.06,0.94,1.0
2025-12-11T00:27:11.031785,0.06,0.94,1.0
2025-12-11T00:27:11.634630,0.055,0.955,1.01
2025-12-11T00:27:12.245054,0.045,0.955,1.0
2025-12-11T00:27:12.851479,0.045,0.955,1.0
2025-12-11T00:27:13.457455,0.045,0.945,0.99
2025-12-11T00:27:14.069877,0.04,0.96,1.0
2025-12-11T00:27:14.673503,0.035,0.965,1.0
2025-12-11T00:27:15.283500,0.035,0.965,1.0
2025-12-11T00:27:15.894700,0.035,0.965,1.0
2025-12-11T00:27:15.018392,0.025,0.975,1.0
2025-12-11T00:27:15.627418,0.025,0.97,0.995
2025-12-11T00:27:16.246441,0.035,0.965,1.0
2025-12-11T00:27:16.866041,0.03,0.97,1.0
2025-12-11T00:27:17.475503,0.025,0.975,1.0
2025-12-11T00:27:18.079121,0.025,0.975,1.0
2025-12-11T00:27:18.696605,0.025,0.975,1.0
2025-12-11T00:27:19.323589,0.025,0.975,1.0
2025-12-11T00:27:19.938379,0.025,0.975,1.0
2025-12-11T00:27:20.539333,0.025,0.975,1.0
2025-12-11T00:27:21.139508,0.025,0.975,1.0
2025-12-11T00:27:21.749427,0.025,0.975,1.0
2025-12-11T00:27:22.352236,0.025,0.975,1.0
2025-12-11T00:27:22.958897,0.025,0.975,1.0
2025-12-11T00:27:23.570546,0.025,0.975,1.0
2025-12-11T00:27:24.174946,0.025,0.975,1.0
2025-12-11T00:27:24.786278,0.025,0.975,1.0
2025-12-11T00:27:25.386722,0.015,0.985,1.0
2025-12-11T00:27:25.997596,0.02,0.985,1.005
2025-12-11T00:27:26.617247,0.015,0.985,1.0
2025-12-11T00:27:27.229939,0.015,0.985,1.0
2025-12-11T00:27:27.841230,0.015,0.985,1.0
2025-12-11T00:27:28.453187,0.015,0.985,1.0
2025-12-11T00:27:29.060659,0.015,0.985,1.0
2025-12-11T00:27:29.708136,0.015,0.985,1.0
2025-12-11T00:27:30.327625,0.015,0.985,1.0
2025-12-11T00:27:30.939794,0.025,0.975,1.0
2025-12-11T00:27:31.558935,0.025,0.975,1.0
2025-12-11T00:27:32.171088,0.025,0.975,1.0
2025-12-11T00:27:32.785212,0.025,0.975,1.0
2025-12-11T00:27:33.413030,0.025,0.975,1.0
2025-12-11T00:27:34.026132,0.025,0.975,1.0
2025-12-11T00:27:34.636580,0.02,0.98,1.0
2025-12-11T00:27:35.249638,0.025,0.975,1.0
2025-12-11T00:27:35.872817,0.025,0.975,1.0
2025-12-11T00:27:36.486179,0.02,0.98,1.0
2025-12-11T00:27:37.107033,0.015,0.985,1.0
2025-12-11T00:27:37.718595,0.015,0.985,1.0
2025-12-11T00:27:38.329437,0.015,0.985,1.0
2025-12-11T00:27:38.950281,0.015,0.985,1.0
2025-12-11T00:27:39.582778,0.015,0.985,1.0
2025-12-11T00:27:40.205728,0.015,0.985,1.0
2025-12-11T00:27:40.810012,0.015,0.985,1.0
2025-12-11T00:27:41.413243,0.025,0.975,1.0
2025-12-11T00:27:42.010902,0.025,0.975,1.0
2025-12-11T00:27:42.612679,0.02,0.98,1.0
2025-12-11T00:27:43.241988,0.015,0.985,1.0
2025-12-11T00:27:43.843383,0.015,0.985,1.0
2025-12-11T00:27:44.447741,0.025,0.975,1.0
2025-12-11T00:27:45.060928,0.03,0.965,0.995
2025-12-11T00:27:45.660914,0.035,0.955,0.99
2025-12-11T00:27:46.267933,0.045,0.955,1.0
2025-12-11T00:27:46.905512,0.045,0.955,1.0
2025-12-11T00:27:46.205590,0.045,0.955,1.0
2025-12-11T00:27:46.830928,0.045,0.955,1.0
2025-12-11T00:27:47.439416,0.045,0.955,1.0
2025-12-11T00:27:48.048128,0.04,0.965,1.005
2025-12-11T00:27:48.662538,0.035,0.965,1.0
2025-12-11T00:27:49.274970,0.035,0.965,1.0
2025-12-11T00:27:49.873151,0.025,0.975,1.0
2025-12-11T00:27:50.476311,0.025,0.975,1.0
2025-12-11T00:27:51.083386,0.025,0.975,1.0
2025-12-11T00:27:51.688377,0.03,0.97,1.0
2025-12-11T00:27:52.298773,0.035,0.96,0.995
2025-12-11T00:27:52.901328,0.035,0.965,1.0
2025-12-11T00:27:53.510835,0.03,0.97,1.0
2025-12-11T00:27:54.125013,0.03,0.97,1.0
2025-12-11T00:27:54.733377,0.04,0.96,1.0
2025-12-11T00:27:55.343523,0.03,0.97,1.0
2025-12-11T00:27:55.950682,0.03,0.97,1.0
2025-12-11T00:27:56.558073,0.04,0.96,1.0
2025-12-11T00:27:57.177267,0.035,0.965,1.0
2025-12-11T00:27:57.786942,0.035,0.965,1.0
2025-12-11T00:27:58.433901,0.025,0.975,1.0
2025-12-11T00:27:59.049498,0.025,0.975,1.0
2025-12-11T00:27:59.654280,0.035,0.965,1.0
2025-12-11T00:28:00.261788,0.035,0.965,1.0
2025-12-11T00:28:00.863475,0.03,0.97,1.0
2025-12-11T00:28:01.465697,0.03,0.97,1.0
2025-12-11T00:28:02.087124,0.03,0.97,1.0
2025-12-11T00:28:02.708424,0.03,0.97,1.0
2025-12-11T00:28:03.333231,0.015,0.985,1.0
2025-12-11T00:28:03.953802,0.025,0.975,1.0
2025-12-11T00:28:04.578104,0.025,0.975,1.0
2025-12-11T00:28:05.210017,0.025,0.975,1.0
2025-12-11T00:28:05.845602,0.025,0.975,1.0
2025-12-11T00:28:06.466993,0.03,0.97,1.0
2025-12-11T00:28:07.068395,0.025,0.975,1.0
2025-12-11T00:28:07.686855,0.015,0.985,1.0
2025-12-11T00:28:08.305289,0.015,0.985,1.0
2025-12-11T00:28:08.925376,0.015,0.985,1.0
2025-12-11T00:28:09.544307,0.015,0.99,1.005
2025-12-11T00:28:10.158147,0.005,0.99,0.995
2025-12-11T00:28:10.758026,0.015,0.985,1.0
2025-12-11T00:28:11.374642,0.01,0.99,1.0
2025-12-11T00:28:11.984438,0.01,0.99,1.0
2025-12-11T00:28:12.601075,0.015,0.985,1.0
2025-12-11T00:28:13.216770,0.015,0.985,1.0
2025-12-11T00:28:13.838135,0.015,0.985,1.0
2025-12-11T00:28:14.461927,0.015,0.985,1.0
2025-12-11T00:28:15.087118,0.015,0.985,1.0
2025-12-11T00:28:15.705587,0.015,0.985,1.0
2025-12-11T00:28:16.323927,0.015,0.985,1.0
2025-12-11T00:28:16.933991,0.015,0.985,1.0
2025-12-11T00:28:17.548306,0.005,0.995,1.0
2025-12-11T00:28:16.775815,0.005,0.995,1.0
2025-12-11T00:28:17.385683,0.005,0.995,1.0
2025-12-11T00:28:18.009522,0.005,0.995,1.0
2025-12-11T00:28:18.608705,0.005,0.995,1.0
2025-12-11T00:28:19.225665,0.005,0.995,1.0
2025-12-11T00:28:19.847270,0.005,0.995,1.0
2025-12-11T00:28:20.451253,0.005,0.995,1.0
2025-12-11T00:28:21.058095,0.005,0.995,1.0
2025-12-11T00:28:21.671951,0.005,0.995,1.0
2025-12-11T00:28:22.291465,0.005,0.995,1.0
2025-12-11T00:28:22.894586,0.005,0.995,1.0
2025-12-11T00:28:23.514162,0.005,0.995,1.0
2025-12-11T00:28:24.152182,0.005,0.995,1.0
2025-12-11T00:28:24.767883,0.005,0.995,1.0
2025-12-11T00:28:25.383021,0.005,0.995,1.0
2025-12-11T00:28:25.986065,0.005,0.995,1.0
2025-12-11T00:28:26.599510,0.005,0.995,1.0
2025-12-11T00:28:27.216256,0.005,0.995,1.0
2025-12-11T00:28:27.815731,0.005,0.995,1.0
2025-12-11T00:28:28.434065,0.005,0.995,1.0
2025-12-11T00:28:29.035013,0.005,0.995,1.0
2025-12-11T00:28:29.650276,0.005,0.995,1.0
2025-12-11T00:28:30.252597,0.005,0.995,1.0
2025-12-11T00:28:30.861928,0.005,0.995,1.0
2025-12-11T00:28:31.472368,0.005,0.995,1.0
2025-12-11T00:28:32.108345,0.005,0.995,1.0
2025-12-11T00:28:32.725160,0.005,0.995,1.0
2025-12-11T00:28:33.326019,0.005,0.995,1.0
2025-12-11T00:28:33.940933,0.005,0.995,1.0
2025-12-11T00:28:34.546392,0.005,0.995,1.0
2025-12-11T00:28:35.163789,0.005,0.995,1.0
2025-12-11T00:28:35.795664,0.005,0.995,1.0
2025-12-11T00:28:36.422913,0.005,0.995,1.0
2025-12-11T00:28:37.087780,0.005,0.995,1.0
2025-12-11T00:28:37.692206,0.005,0.995,1.0
2025-12-11T00:28:38.306031,0.005,0.995,1.0
2025-12-11T00:28:38.923342,0.005,0.995,1.0
2025-12-11T00:28:39.529171,0.005,0.995,1.0
2025-12-11T00:28:40.141680,0.005,0.995,1.0
2025-12-11T00:28:40.747822,0.005,0.995,1.0
2025-12-11T00:28:41.346356,0.005,0.995,1.0
2025-12-11T00:28:41.943043,0.005,0.995,1.0
2025-12-11T00:28:42.558878,0.005,0.995,1.0
2025-12-11T00:28:43.170812,0.005,0.995,1.0
2025-12-11T00:28:43.778885,0.005,0.995,1.0
2025-12-11T00:28:44.399891,0.005,0.995,1.0
2025-12-11T00:28:45.019945,0.005,0.995,1.0
2025-12-11T00:28:45.621891,0.005,0.995,1.0
2025-12-11T00:28:46.231498,0.005,0.995,1.0
2025-12-11T00:28:46.842692,0.005,0.995,1.0
2025-12-11T00:28:47.457740,0.005,0.995,1.0
2025-12-11T00:28:48.067830,0.005,0.995,1.0
2025-12-11T00:28:48.680723,0.005,0.995,1.0
2025-12-11T00:28:47.933520,0.005,0.995,1.0
2025-12-11T00:28:48.553316,0.005,0.995,1.0
2025-12-11T00:28:49.176933,0.005,0.995,1.0
2025-12-11T00:28:49.787778,0.005,0.995,1.0
2025-12-11T00:28:50.401707,0.005,0.995,1.0
2025-12-11T00:28:51.007641,0.005,0.995,1.0
2025-12-11T00:28:51.625733,0.005,0.995,1.0
2025-12-11T00:28:52.244190,0.005,0.995,1.0
2025-12-11T00:28:52.870528,0.005,0.995,1.0
2025-12-11T00:28:53.488753,0.005,0.995,1.0
2025-12-11T00:28:54.093190,0.005,0.995,1.0
2025-12-11T00:28:54.694455,0.005,0.995,1.0
2025-12-11T00:28:55.308725,0.005,0.995,1.0
2025-12-11T00:28:55.921335,0.005,0.995,1.0
2025-12-11T00:28:56.537570,0.005,0.995,1.0
2025-12-11T00:28:57.140228,0.005,0.995,1.0
2025-12-11T00:28:57.744258,0.005,0.995,1.0
2025-12-11T00:28:58.358523,0.005,0.995,1.0
2025-12-11T00:28:58.970213,0.005,0.995,1.0
2025-12-11T00:28:59.593032,0.005,0.995,1.0
2025-12-11T00:29:00.206843,0.005,0.995,1.0
2025-12-11T00:29:00.822610,0.005,0.995,1.0
2025-12-11T00:29:01.425242,0.005,0.995,1.0
2025-12-11T00:29:02.054882,0.005,0.995,1.0
2025-12-11T00:29:02.731217,0.005,0.995,1.0
2025-12-11T00:29:03.340011,0.005,0.995,1.0
2025-12-11T00:29:03.970690,0.005,0.995,1.0
2025-12-11T00:29:04.590560,0.005,0.995,1.0
2025-12-11T00:29:05.209998,0.005,0.995,1.0
2025-12-11T00:29:05.816716,0.005,0.995,1.0
2025-12-11T00:29:06.421984,0.005,0.995,1.0
2025-12-11T00:29:07.039597,0.005,0.995,1.0
2025-12-11T00:29:07.642384,0.005,0.995,1.0
2025-12-11T00:29:08.258911,0.005,0.995,1.0
2025-12-11T00:29:08.886322,0.005,0.995,1.0
2025-12-11T00:29:09.492210,0.005,0.995,1.0
2025-12-11T00:29:10.109819,0.005,0.995,1.0
2025-12-11T00:29:10.720286,0.005,0.995,1.0
2025-12-11T00:29:11.404112,0.005,0.995,1.0
2025-12-11T00:29:12.008916,0.005,0.995,1.0
2025-12-11T00:29:12.638037,0.005,0.995,1.0
2025-12-11T00:29:13.254985,0.005,0.995,1.0
2025-12-11T00:29:13.862051,0.005,0.995,1.0
2025-12-11T00:29:14.471461,0.005,0.995,1.0
2025-12-11T00:29:15.085525,0.005,0.995,1.0
2025-12-11T00:29:15.705973,0.005,0.995,1.0
2025-12-11T00:29:16.324587,0.005,0.995,1.0
2025-12-11T00:29:16.962107,0.005,0.995,1.0
2025-12-11T00:29:17.583082,0.005,0.995,1.0
2025-12-11T00:29:18.196269,0.005,0.995,1.0
2025-12-11T00:29:18.808097,0.005,0.995,1.0
2025-12-11T00:29:19.434471,0.005,0.995,1.0
2025-12-11T00:29:18.637346,0.005,0.995,1.0
2025-12-11T00:29:19.256370,0.005,0.995,1.0
2025-12-11T00:29:19.873957,0.005,0.995,1.0
2025-12-11T00:29:20.483426,0.005,0.995,1.0
2025-12-11T00:29:21.093446,0.005,0.995,1.0
2025-12-11T00:29:21.709802,0.005,0.995,1.0
2025-12-11T00:29:22.329020,0.005,0.995,1.0
2025-12-11T00:29:22.930954,0.005,0.995,1.0
2025-12-11T00:29:23.543445,0.005,0.995,1.0
2025-12-11T00:29:24.167473,0.005,0.995,1.0
2025-12-11T00:29:24.783400,0.005,0.995,1.0
2025-12-11T00:29:25.388859,0.005,0.995,1.0
2025-12-11T00:29:26.001133,0.005,0.995,1.0
2025-12-11T00:29:26.680299,0.005,0.995,1.0
2025-12-11T00:29:27.295867,0.005,0.995,1.0
2025-12-11T00:29:27.916835,0.005,0.995,1.0
2025-12-11T00:29:28.538940,0.005,0.995,1.0
2025-12-11T00:29:29.159351,0.005,0.995,1.0
2025-12-11T00:29:29.798130,0.005,0.995,1.0
2025-12-11T00:29:30.429074,0.005,0.995,1.0
2025-12-11T00:29:31.048543,0.005,0.995,1.0
2025-12-11T00:29:31.668931,0.005,0.995,1.0
2025-12-11T00:29:32.274981,0.005,0.995,1.0
2025-12-11T00:29:32.882990,0.005,0.995,1.0
2025-12-11T00:29:33.479289,0.005,0.995,1.0
2025-12-11T00:29:34.098470,0.005,0.995,1.0
2025-12-11T00:29:34.700269,0.005,0.995,1.0
2025-12-11T00:29:35.309052,0.005,0.995,1.0
2025-12-11T00:29:35.928793,0.005,0.995,1.0
2025-12-11T00:29:36.532905,0.005,0.995,1.0
2025-12-11T00:29:37.146266,0.005,0.995,1.0
2025-12-11T00:29:37.747339,0.005,0.995,1.0
2025-12-11T00:29:38.355965,0.005,0.995,1.0
2025-12-11T00:29:38.958507,0.005,0.995,1.0
2025-12-11T00:29:39.572658,0.005,0.995,1.0
2025-12-11T00:29:40.190839,0.005,0.995,1.0
2025-12-11T00:29:40.791817,0.005,0.995,1.0
2025-12-11T00:29:41.397283,0.005,0.995,1.0
2025-12-11T00:29:42.009510,0.005,0.995,1.0
2025-12-11T00:29:42.610869,0.005,0.995,1.0
2025-12-11T00:29:43.211647,0.005,0.995,1.0
2025-12-11T00:29:43.833687,0.005,0.995,1.0
2025-12-11T00:29:44.432855,0.005,0.995,1.0
2025-12-11T00:29:45.035990,0.005,0.995,1.0
2025-12-11T00:29:45.655226,0.005,0.995,1.0
2025-12-11T00:29:46.268776,0.005,0.995,1.0
2025-12-11T00:29:46.879357,0.005,0.995,1.0
2025-12-11T00:29:47.487406,0.005,0.995,1.0
2025-12-11T00:29:48.094149,0.005,0.995,1.0
2025-12-11T00:29:48.696012,0.005,0.995,1.0
2025-12-11T00:29:49.302816,0.005,0.995,1.0
2025-12-11T00:29:49.903024,0.005,0.995,1.0
2025-12-11T00:29:50.521519,0.005,0.995,1.0
2025-12-11T00:29:49.725056,0.005,0.995,1.0
2025-12-11T00:29:50.320702,0.005,0.995,1.0
2025-12-11T00:29:50.931236,0.005,0.995,1.0
2025-12-11T00:29:51.529278,0.005,0.995,1.0
2025-12-11T00:29:52.129005,0.005,0.995,1.0
2025-12-11T00:29:52.739718,0.005,0.995,1.0
2025-12-11T00:29:53.348496,0.005,0.995,1.0
2025-12-11T00:29:53.954277,0.005,0.995,1.0
2025-12-11T00:29:54.566481,0.005,0.995,1.0
2025-12-11T00:29:55.178818,0.005,0.995,1.0
2025-12-11T00:29:55.785232,0.005,0.995,1.0
2025-12-11T00:29:56.395207,0.005,0.995,1.0
2025-12-11T00:29:57.001004,0.005,0.995,1.0
2025-12-11T00:29:57.617113,0.005,0.995,1.0
2025-12-11T00:29:58.221447,0.005,0.995,1.0
2025-12-11T00:29:58.832757,0.005,0.995,1.0
2025-12-11T00:29:59.468675,0.005,0.995,1.0
2025-12-11T00:30:00.078225,0.005,0.995,1.0
2025-12-11T00:30:00.680598,0.005,0.995,1.0
2025-12-11T00:30:01.281130,0.005,0.995,1.0
2025-12-11T00:30:01.891290,0.005,0.995,1.0
2025-12-11T00:30:02.496597,0.005,0.995,1.0
2025-12-11T00:30:03.101129,0.005,0.995,1.0
2025-12-11T00:30:03.704856,0.005,0.995,1.0
2025-12-11T00:30:04.318964,0.005,0.995,1.0
2025-12-11T00:30:04.938189,0.005,0.995,1.0
2025-12-11T00:30:05.552491,0.005,0.995,1.0
2025-12-11T00:30:06.180921,0.005,0.995,1.0
2025-12-11T00:30:06.799752,0.005,0.995,1.0
2025-12-11T00:30:07.418983,0.005,0.995,1.0
2025-12-11T00:30:08.058657,0.005,0.995,1.0
2025-12-11T00:30:08.679102,0.005,0.995,1.0
2025-12-11T00:30:09.312030,0.005,0.995,1.0
2025-12-11T00:30:09.927439,0.005,0.995,1.0
2025-12-11T00:30:10.546184,0.005,0.995,1.0
2025-12-11T00:30:11.166795,0.005,0.995,1.0
2025-12-11T00:30:11.782612,0.005,0.995,1.0
2025-12-11T00:30:12.414941,0.005,0.995,1.0
2025-12-11T00:30:13.037529,0.005,0.995,1.0
2025-12-11T00:30:13.676072,0.005,0.995,1.0
2025-12-11T00:30:14.292002,0.005,0.995,1.0
2025-12-11T00:30:14.892613,0.005,0.995,1.0
2025-12-11T00:30:15.510551,0.005,0.995,1.0
2025-12-11T00:30:16.131434,0.005,0.995,1.0
2025-12-11T00:30:16.749722,0.005,0.995,1.0
2025-12-11T00:30:17.361825,0.005,0.995,1.0
2025-12-11T00:30:17.983534,0.005,0.995,1.0
2025-12-11T00:30:18.597820,0.005,0.995,1.0
2025-12-11T00:30:19.213724,0.005,0.995,1.0
2025-12-11T00:30:19.826465,0.005,0.995,1.0
2025-12-11T00:30:20.439395,0.005,0.995,1.0
2025-12-11T00:30:21.075957,0.005,0.995,1.0
2025-12-11T00:30:20.322953,0.005,0.995,1.0
2025-12-11T00:30:20.934405,0.005,0.995,1.0
2025-12-11T00:30:21.547512,0.005,0.995,1.0
2025-12-11T00:30:22.187128,0.005,0.995,1.0
2025-12-11T00:30:22.821659,0.005,0.995,1.0
2025-12-11T00:30:23.440469,0.005,0.995,1.0
2025-12-11T00:30:24.059192,0.005,0.995,1.0
2025-12-11T00:30:24.676057,0.005,0.995,1.0
2025-12-11T00:30:25.288551,0.005,0.995,1.0
2025-12-11T00:30:25.908891,0.005,0.995,1.0
2025-12-11T00:30:26.525284,0.005,0.995,1.0
2025-12-11T00:30:27.139285,0.005,0.995,1.0
2025-12-11T00:30:27.775554,0.005,0.995,1.0
2025-12-11T00:30:28.391025,0.005,0.995,1.0
2025-12-11T00:30:29.009293,0.005,0.995,1.0
2025-12-11T00:30:29.629604,0.005,0.995,1.0
2025-12-11T00:30:30.251248,0.005,0.995,1.0
2025-12-11T00:30:30.873359,0.005,0.995,1.0
2025-12-11T00:30:31.491898,0.005,0.995,1.0
2025-12-11T00:30:32.111332,0.005,0.995,1.0
2025-12-11T00:30:32.728330,0.005,0.995,1.0
2025-12-11T00:30:33.358396,0.005,0.995,1.0
2025-12-11T00:30:33.990279,0.005,0.995,1.0
2025-12-11T00:30:34.636962,0.005,0.995,1.0
2025-12-11T00:30:35.254430,0.005,0.995,1.0
2025-12-11T00:30:35.884058,0.005,0.995,1.0
2025-12-11T00:30:36.502816,0.005,0.995,1.0
2025-12-11T00:30:37.123922,0.005,0.995,1.0
2025-12-11T00:30:37.736395,0.005,0.995,1.0
2025-12-11T00:30:38.356931,0.005,0.995,1.0
2025-12-11T00:30:38.975402,0.005,0.995,1.0
2025-12-11T00:30:39.587786,0.005,0.995,1.0
2025-12-11T00:30:40.209687,0.005,0.995,1.0
2025-12-11T00:30:40.844176,0.005,0.995,1.0
2025-12-11T00:30:41.469345,0.005,0.995,1.0
2025-12-11T00:30:42.087352,0.005,0.995,1.0
2025-12-11T00:30:42.716657,0.005,0.995,1.0
2025-12-11T00:30:43.336672,0.005,0.995,1.0
2025-12-11T00:30:43.948377,0.005,0.995,1.0
2025-12-11T00:30:44.575170,0.005,0.995,1.0
2025-12-11T00:30:45.209983,0.005,0.995,1.0
2025-12-11T00:30:45.828550,0.005,0.995,1.0
2025-12-11T00:30:46.458967,0.005,0.995,1.0
2025-12-11T00:30:47.091831,0.005,0.995,1.0
2025-12-11T00:30:47.709889,0.005,0.995,1.0
2025-12-11T00:30:48.333616,0.005,0.995,1.0
2025-12-11T00:30:48.977928,0.005,0.995,1.0
2025-12-11T00:30:49.586492,0.005,0.995,1.0
2025-12-11T00:30:50.197811,0.005,0.995,1.0
2025-12-11T00:30:50.816136,0.005,0.995,1.0
2025-12-11T00:30:51.436455,0.005,0.995,1.0
2025-12-11T00:30:52.061915,0.005,0.995,1.0
2025-12-11T00:30:51.263258,0.005,0.995,1.0
2025-12-11T00:30:51.874386,0.005,0.995,1.0
2025-12-11T00:30:52.490701,0.005,0.995,1.0
2025-12-11T00:30:53.111381,0.005,0.995,1.0
2025-12-11T00:30:53.722043,0.005,0.995,1.0
2025-12-11T00:30:54.337363,0.005,0.995,1.0
2025-12-11T00:30:54.953124,0.005,0.995,1.0
2025-12-11T00:30:55.579520,0.005,0.995,1.0
2025-12-11T00:30:56.184129,0.005,0.995,1.0
2025-12-11T00:30:56.809700,0.005,0.995,1.0
2025-12-11T00:30:57.424848,0.005,0.995,1.0
2025-12-11T00:30:58.042856,0.005,0.995,1.0
2025-12-11T00:30:58.656936,0.005,0.995,1.0
2025-12-11T00:30:59.273154,0.5,0.5,1.0
