timestamp,price_yes,price_no,sum_prices
2025-12-11T04:46:00.545417,0.475,0.525,1.0
2025-12-11T04:46:01.162882,0.485,0.515,1.0
2025-12-11T04:46:01.766577,0.485,0.515,1.0
2025-12-11T04:46:02.461344,0.495,0.505,1.0
2025-12-11T04:46:03.078979,0.495,0.505,1.0
2025-12-11T04:46:03.694778,0.495,0.505,1.0
2025-12-11T04:46:04.302884,0.485,0.515,1.0
2025-12-11T04:46:04.914157,0.465,0.535,1.0
2025-12-11T04:46:05.521507,0.455,0.545,1.0
2025-12-11T04:46:06.138311,0.445,0.555,1.0
2025-12-11T04:46:06.746188,0.45,0.55,1.0
2025-12-11T04:46:07.355413,0.45,0.55,1.0
2025-12-11T04:46:07.988785,0.455,0.545,1.0
2025-12-11T04:46:08.602715,0.445,0.555,1.0
2025-12-11T04:46:09.211171,0.445,0.555,1.0
2025-12-11T04:46:09.823265,0.445,0.555,1.0
2025-12-11T04:46:10.424827,0.465,0.535,1.0
2025-12-11T04:46:11.040817,0.455,0.55,1.0050000000000001
2025-12-11T04:46:11.661656,0.445,0.555,1.0
2025-12-11T04:46:12.274031,0.445,0.555,1.0
2025-12-11T04:46:12.916884,0.445,0.57,1.015
2025-12-11T04:46:13.518895,0.425,0.575,1.0
2025-12-11T04:46:14.133976,0.45,0.55,1.0
2025-12-11T04:46:14.737449,0.45,0.555,1.0050000000000001
2025-12-11T04:46:15.358468,0.435,0.565,1.0
2025-12-11T04:46:15.972821,0.435,0.565,1.0
2025-12-11T04:46:16.581306,0.44,0.56,1.0
2025-12-11T04:46:17.214913,0.44,0.56,1.0
2025-12-11T04:46:17.823295,0.435,0.565,1.0
2025-12-11T04:46:18.444696,0.45,0.55,1.0
2025-12-11T04:46:19.062259,0.445,0.555,1.0
2025-12-11T04:46:19.663321,0.445,0.555,1.0
2025-12-11T04:46:20.282105,0.445,0.555,1.0
2025-12-11T04:46:20.909113,0.445,0.555,1.0
2025-12-11T04:46:21.528027,0.445,0.555,1.0
2025-12-11T04:46:22.145443,0.445,0.555,1.0
2025-12-11T04:46:22.755034,0.435,0.565,1.0
2025-12-11T04:46:23.353588,0.425,0.575,1.0
2025-12-11T04:46:23.968771,0.445,0.555,1.0
2025-12-11T04:46:24.581768,0.445,0.555,1.0
2025-12-11T04:46:25.189521,0.435,0.565,1.0
2025-12-11T04:46:25.801397,0.435,0.565,1.0
2025-12-11T04:46:26.413504,0.415,0.585,1.0
2025-12-11T04:46:27.027552,0.415,0.58,0.9949999999999999
2025-12-11T04:46:27.646202,0.425,0.575,1.0
2025-12-11T04:46:28.246669,0.42,0.58,1.0
2025-12-11T04:46:28.866546,0.425,0.575,1.0
2025-12-11T04:46:29.490463,0.425,0.575,1.0
2025-12-11T04:46:28.522277,0.425,0.575,1.0
2025-12-11T04:46:29.148327,0.425,0.575,1.0
2025-12-11T04:46:29.763325,0.425,0.575,1.0
2025-12-11T04:46:30.388231,0.425,0.575,1.0
2025-12-11T04:46:31.008418,0.425,0.575,1.0
2025-12-11T04:46:31.618038,0.425,0.58,1.005
2025-12-11T04:46:32.218700,0.42,0.58,1.0
2025-12-11T04:46:32.830399,0.42,0.58,1.0
2025-12-11T04:46:33.440373,0.415,0.585,1.0
2025-12-11T04:46:34.105713,0.425,0.575,1.0
2025-12-11T04:46:34.719358,0.425,0.575,1.0
2025-12-11T04:46:35.344514,0.415,0.58,0.9949999999999999
2025-12-11T04:46:35.957473,0.415,0.585,1.0
2025-12-11T04:46:36.571855,0.415,0.58,0.9949999999999999
2025-12-11T04:46:37.436405,0.415,0.575,0.99
2025-12-11T04:46:38.038249,0.425,0.575,1.0
2025-12-11T04:46:38.656647,0.445,0.555,1.0
2025-12-11T04:46:39.270157,0.46,0.54,1.0
2025-12-11T04:46:39.874297,0.45,0.55,1.0
2025-12-11T04:46:40.487778,0.445,0.555,1.0
2025-12-11T04:46:41.090395,0.445,0.555,1.0
2025-12-11T04:46:41.713716,0.445,0.555,1.0
2025-12-11T04:46:42.336412,0.455,0.545,1.0
2025-12-11T04:46:42.948145,0.445,0.555,1.0
2025-12-11T04:46:43.553272,0.445,0.555,1.0
2025-12-11T04:46:44.144530,0.445,0.555,1.0
2025-12-11T04:46:44.758545,0.445,0.555,1.0
2025-12-11T04:46:45.372329,0.445,0.555,1.0
2025-12-11T04:46:45.985556,0.445,0.555,1.0
2025-12-11T04:46:46.599511,0.445,0.545,0.99
2025-12-11T04:46:47.222463,0.475,0.525,1.0
2025-12-11T04:46:47.833915,0.485,0.515,1.0
2025-12-11T04:46:48.436866,0.485,0.515,1.0
2025-12-11T04:46:49.052682,0.485,0.515,1.0
2025-12-11T04:46:49.671216,0.485,0.515,1.0
2025-12-11T04:46:50.285704,0.49,0.51,1.0
2025-12-11T04:46:50.899512,0.495,0.505,1.0
2025-12-11T04:46:51.495268,0.48,0.52,1.0
2025-12-11T04:46:52.092226,0.495,0.505,1.0
2025-12-11T04:46:52.700623,0.495,0.505,1.0
2025-12-11T04:46:53.312057,0.495,0.505,1.0
2025-12-11T04:46:53.926827,0.495,0.505,1.0
2025-12-11T04:46:54.533186,0.495,0.505,1.0
2025-12-11T04:46:55.143937,0.51,0.485,0.995
2025-12-11T04:46:55.755942,0.525,0.475,1.0
2025-12-11T04:46:56.365997,0.52,0.48,1.0
2025-12-11T04:46:56.975948,0.515,0.485,1.0
2025-12-11T04:46:58.234223,0.505,0.495,1.0
2025-12-11T04:46:58.842134,0.505,0.495,1.0
2025-12-11T04:46:59.456862,0.51,0.49,1.0
2025-12-11T04:47:00.114939,0.505,0.495,1.0
2025-12-11T04:46:59.163409,0.505,0.495,1.0
2025-12-11T04:46:59.782958,0.51,0.49,1.0
2025-12-11T04:47:00.396623,0.51,0.49,1.0
2025-12-11T04:47:01.016510,0.505,0.495,1.0
2025-12-11T04:47:01.629700,0.51,0.49,1.0
2025-12-11T04:47:02.246867,0.505,0.495,1.0
2025-12-11T04:47:02.855353,0.49,0.51,1.0
2025-12-11T04:47:03.479881,0.485,0.515,1.0
2025-12-11T04:47:04.105614,0.485,0.515,1.0
2025-12-11T04:47:04.706109,0.485,0.515,1.0
2025-12-11T04:47:05.324291,0.485,0.515,1.0
2025-12-11T04:47:05.933873,0.485,0.515,1.0
2025-12-11T04:47:06.538188,0.495,0.505,1.0
2025-12-11T04:47:07.150676,0.505,0.495,1.0
2025-12-11T04:47:07.762015,0.505,0.495,1.0
2025-12-11T04:47:08.387721,0.515,0.485,1.0
2025-12-11T04:47:08.998701,0.535,0.465,1.0
2025-12-11T04:47:09.608893,0.57,0.43,1.0
2025-12-11T04:47:10.220769,0.585,0.415,1.0
2025-12-11T04:47:10.838843,0.595,0.405,1.0
2025-12-11T04:47:11.452354,0.605,0.395,1.0
2025-12-11T04:47:12.073790,0.605,0.395,1.0
2025-12-11T04:47:12.688082,0.6,0.4,1.0
2025-12-11T04:47:13.299465,0.575,0.425,1.0
2025-12-11T04:47:13.946847,0.585,0.415,1.0
2025-12-11T04:47:14.546473,0.605,0.395,1.0
2025-12-11T04:47:15.159126,0.575,0.425,1.0
2025-12-11T04:47:15.768942,0.58,0.42,1.0
2025-12-11T04:47:16.382201,0.58,0.42,1.0
2025-12-11T04:47:16.995178,0.58,0.42,1.0
2025-12-11T04:47:17.611771,0.585,0.415,1.0
2025-12-11T04:47:18.227730,0.59,0.41,1.0
2025-12-11T04:47:18.844254,0.59,0.41,1.0
2025-12-11T04:47:19.458758,0.59,0.41,1.0
2025-12-11T04:47:20.068249,0.59,0.41,1.0
2025-12-11T04:47:20.691587,0.595,0.415,1.01
2025-12-11T04:47:21.306831,0.585,0.415,1.0
2025-12-11T04:47:21.922103,0.595,0.405,1.0
2025-12-11T04:47:22.517580,0.6,0.4,1.0
2025-12-11T04:47:23.132261,0.6,0.4,1.0
2025-12-11T04:47:23.749571,0.595,0.405,1.0
2025-12-11T04:47:24.364194,0.615,0.385,1.0
2025-12-11T04:47:24.977001,0.615,0.385,1.0
2025-12-11T04:47:25.593377,0.62,0.385,1.005
2025-12-11T04:47:26.206665,0.615,0.385,1.0
2025-12-11T04:47:26.820065,0.62,0.38,1.0
2025-12-11T04:47:27.438709,0.62,0.38,1.0
2025-12-11T04:47:28.089755,0.62,0.38,1.0
2025-12-11T04:47:28.706617,0.63,0.365,0.995
2025-12-11T04:47:29.325727,0.63,0.37,1.0
2025-12-11T04:47:29.940948,0.635,0.365,1.0
2025-12-11T04:47:30.540495,0.64,0.36,1.0
2025-12-11T04:47:29.576211,0.655,0.345,1.0
2025-12-11T04:47:30.199061,0.665,0.34,1.0050000000000001
2025-12-11T04:47:30.813426,0.66,0.34,1.0
2025-12-11T04:47:31.425329,0.65,0.35,1.0
2025-12-11T04:47:32.039943,0.645,0.355,1.0
2025-12-11T04:47:32.646866,0.635,0.365,1.0
2025-12-11T04:47:33.267280,0.625,0.375,1.0
2025-12-11T04:47:33.881931,0.635,0.365,1.0
2025-12-11T04:47:34.504366,0.635,0.365,1.0
2025-12-11T04:47:35.120943,0.635,0.37,1.005
2025-12-11T04:47:35.737711,0.625,0.375,1.0
2025-12-11T04:47:36.348792,0.625,0.375,1.0
2025-12-11T04:47:36.949808,0.63,0.375,1.005
2025-12-11T04:47:37.564306,0.625,0.375,1.0
2025-12-11T04:47:38.179378,0.625,0.375,1.0
2025-12-11T04:47:38.791661,0.615,0.385,1.0
2025-12-11T04:47:39.407777,0.615,0.385,1.0
2025-12-11T04:47:40.022531,0.615,0.385,1.0
2025-12-11T04:47:40.636598,0.625,0.375,1.0
2025-12-11T04:47:41.251498,0.625,0.375,1.0
2025-12-11T04:47:41.883680,0.625,0.375,1.0
2025-12-11T04:47:42.496723,0.615,0.385,1.0
2025-12-11T04:47:43.112575,0.605,0.395,1.0
2025-12-11T04:47:43.731850,0.61,0.39,1.0
2025-12-11T04:47:44.349726,0.615,0.385,1.0
2025-12-11T04:47:44.954872,0.61,0.39,1.0
2025-12-11T04:47:45.604447,0.605,0.395,1.0
2025-12-11T04:47:46.224876,0.615,0.385,1.0
2025-12-11T04:47:46.843262,0.61,0.395,1.005
2025-12-11T04:47:47.458376,0.61,0.39,1.0
2025-12-11T04:47:48.077012,0.61,0.39,1.0
2025-12-11T04:47:48.689461,0.605,0.395,1.0
2025-12-11T04:47:49.305322,0.605,0.395,1.0
2025-12-11T04:47:49.929552,0.615,0.385,1.0
2025-12-11T04:47:50.554266,0.635,0.365,1.0
2025-12-11T04:47:51.166826,0.635,0.365,1.0
2025-12-11T04:47:51.781329,0.645,0.355,1.0
2025-12-11T04:47:52.391470,0.655,0.345,1.0
2025-12-11T04:47:52.994342,0.655,0.345,1.0
2025-12-11T04:47:53.609193,0.635,0.365,1.0
2025-12-11T04:47:54.217113,0.62,0.38,1.0
2025-12-11T04:47:54.840175,0.615,0.385,1.0
2025-12-11T04:47:55.454125,0.605,0.395,1.0
2025-12-11T04:47:56.059132,0.605,0.395,1.0
2025-12-11T04:47:56.678556,0.605,0.395,1.0
2025-12-11T04:47:57.301696,0.605,0.395,1.0
2025-12-11T04:47:57.923743,0.605,0.395,1.0
2025-12-11T04:47:58.541372,0.615,0.385,1.0
2025-12-11T04:47:59.153794,0.615,0.385,1.0
2025-12-11T04:47:59.770034,0.615,0.385,1.0
2025-12-11T04:48:00.403848,0.61,0.39,1.0
2025-12-11T04:48:01.005651,0.61,0.39,1.0
2025-12-11T04:48:00.086311,0.605,0.39,0.995
2025-12-11T04:48:00.694849,0.605,0.395,1.0
2025-12-11T04:48:01.308554,0.605,0.385,0.99
2025-12-11T04:48:01.926237,0.605,0.395,1.0
2025-12-11T04:48:02.543309,0.605,0.395,1.0
2025-12-11T04:48:03.159107,0.605,0.395,1.0
2025-12-11T04:48:03.768798,0.605,0.395,1.0
2025-12-11T04:48:04.382608,0.595,0.405,1.0
2025-12-11T04:48:05.001698,0.595,0.41,1.005
2025-12-11T04:48:05.620330,0.59,0.41,1.0
2025-12-11T04:48:06.234341,0.6,0.4,1.0
2025-12-11T04:48:06.842865,0.6,0.4,1.0
2025-12-11T04:48:07.448217,0.595,0.405,1.0
2025-12-11T04:48:08.057299,0.6,0.4,1.0
2025-12-11T04:48:08.665518,0.605,0.395,1.0
2025-12-11T04:48:09.276784,0.6,0.4,1.0
2025-12-11T04:48:09.897216,0.585,0.415,1.0
2025-12-11T04:48:10.509337,0.575,0.435,1.01
2025-12-11T04:48:11.122148,0.565,0.435,1.0
2025-12-11T04:48:11.733628,0.565,0.435,1.0
2025-12-11T04:48:12.346628,0.545,0.455,1.0
2025-12-11T04:48:12.962952,0.545,0.455,1.0
2025-12-11T04:48:13.562062,0.535,0.465,1.0
2025-12-11T04:48:14.177377,0.545,0.455,1.0
2025-12-11T04:48:14.790628,0.535,0.465,1.0
2025-12-11T04:48:15.409966,0.535,0.465,1.0
2025-12-11T04:48:16.024145,0.525,0.475,1.0
2025-12-11T04:48:16.644870,0.525,0.475,1.0
2025-12-11T04:48:17.254907,0.505,0.495,1.0
2025-12-11T04:48:17.858804,0.5,0.5,1.0
2025-12-11T04:48:18.471341,0.505,0.495,1.0
2025-12-11T04:48:19.098355,0.515,0.485,1.0
2025-12-11T04:48:19.717461,0.505,0.495,1.0
2025-12-11T04:48:20.338407,0.505,0.495,1.0
2025-12-11T04:48:20.953078,0.505,0.495,1.0
2025-12-11T04:48:21.571718,0.505,0.495,1.0
2025-12-11T04:48:22.190582,0.5,0.5,1.0
2025-12-11T04:48:22.803788,0.5,0.5,1.0
2025-12-11T04:48:23.412993,0.505,0.495,1.0
2025-12-11T04:48:24.028898,0.515,0.485,1.0
2025-12-11T04:48:24.656082,0.515,0.485,1.0
2025-12-11T04:48:25.277213,0.515,0.485,1.0
2025-12-11T04:48:25.894653,0.515,0.485,1.0
2025-12-11T04:48:26.514941,0.515,0.475,0.99
2025-12-11T04:48:27.136417,0.555,0.445,1.0
2025-12-11T04:48:27.759059,0.555,0.445,1.0
2025-12-11T04:48:28.373353,0.565,0.435,1.0
2025-12-11T04:48:28.995954,0.56,0.445,1.0050000000000001
2025-12-11T04:48:29.611588,0.56,0.44,1.0
2025-12-11T04:48:30.225220,0.56,0.44,1.0
2025-12-11T04:48:30.838771,0.56,0.44,1.0
2025-12-11T04:48:31.442069,0.555,0.445,1.0
2025-12-11T04:48:32.048803,0.555,0.445,1.0
2025-12-11T04:48:31.102623,0.565,0.43,0.9949999999999999
2025-12-11T04:48:31.718785,0.605,0.395,1.0
2025-12-11T04:48:32.332372,0.63,0.37,1.0
2025-12-11T04:48:32.944908,0.625,0.37,0.995
2025-12-11T04:48:33.559034,0.625,0.375,1.0
2025-12-11T04:48:34.179121,0.63,0.37,1.0
2025-12-11T04:48:34.790419,0.63,0.375,1.005
2025-12-11T04:48:35.389219,0.625,0.375,1.0
2025-12-11T04:48:36.005301,0.625,0.375,1.0
2025-12-11T04:48:36.619019,0.625,0.375,1.0
2025-12-11T04:48:37.235781,0.63,0.365,0.995
2025-12-11T04:48:37.842651,0.64,0.36,1.0
2025-12-11T04:48:38.458353,0.64,0.36,1.0
2025-12-11T04:48:39.073493,0.635,0.365,1.0
2025-12-11T04:48:39.689904,0.635,0.365,1.0
2025-12-11T04:48:40.305450,0.635,0.365,1.0
2025-12-11T04:48:40.926612,0.635,0.365,1.0
2025-12-11T04:48:41.538536,0.635,0.365,1.0
2025-12-11T04:48:42.152837,0.635,0.365,1.0
2025-12-11T04:48:42.773605,0.635,0.365,1.0
2025-12-11T04:48:43.387857,0.635,0.365,1.0
2025-12-11T04:48:44.004213,0.635,0.365,1.0
2025-12-11T04:48:44.618709,0.645,0.36,1.005
2025-12-11T04:48:45.228955,0.64,0.36,1.0
2025-12-11T04:48:45.842813,0.625,0.375,1.0
2025-12-11T04:48:46.458774,0.63,0.37,1.0
2025-12-11T04:48:47.075576,0.62,0.38,1.0
2025-12-11T04:48:47.690453,0.625,0.375,1.0
2025-12-11T04:48:48.304158,0.605,0.395,1.0
2025-12-11T04:48:48.917703,0.61,0.39,1.0
2025-12-11T04:48:49.534818,0.62,0.375,0.995
2025-12-11T04:48:50.157588,0.635,0.365,1.0
2025-12-11T04:48:50.779804,0.64,0.365,1.005
2025-12-11T04:48:51.398759,0.625,0.38,1.005
2025-12-11T04:48:52.013216,0.62,0.385,1.005
2025-12-11T04:48:52.635942,0.615,0.385,1.0
2025-12-11T04:48:53.250997,0.64,0.355,0.995
2025-12-11T04:48:53.860040,0.655,0.345,1.0
2025-12-11T04:48:54.548283,0.665,0.335,1.0
2025-12-11T04:48:55.168027,0.675,0.325,1.0
2025-12-11T04:48:55.784163,0.665,0.335,1.0
2025-12-11T04:48:56.399941,0.665,0.335,1.0
2025-12-11T04:48:57.016676,0.665,0.335,1.0
2025-12-11T04:48:57.631560,0.665,0.335,1.0
2025-12-11T04:48:58.247860,0.665,0.335,1.0
2025-12-11T04:48:58.861182,0.665,0.335,1.0
2025-12-11T04:48:59.463148,0.665,0.335,1.0
2025-12-11T04:49:00.085171,0.675,0.33,1.0050000000000001
2025-12-11T04:49:00.703230,0.665,0.335,1.0
2025-12-11T04:49:01.318466,0.675,0.325,1.0
2025-12-11T04:49:01.930180,0.675,0.32,0.9950000000000001
2025-12-11T04:49:02.548687,0.685,0.32,1.0050000000000001
2025-12-11T04:49:01.591215,0.665,0.335,1.0
2025-12-11T04:49:02.204714,0.66,0.34,1.0
2025-12-11T04:49:02.821312,0.645,0.355,1.0
2025-12-11T04:49:03.445597,0.655,0.345,1.0
2025-12-11T04:49:04.055929,0.665,0.335,1.0
2025-12-11T04:49:04.670966,0.665,0.335,1.0
2025-12-11T04:49:05.274751,0.665,0.34,1.0050000000000001
2025-12-11T04:49:05.888286,0.665,0.335,1.0
2025-12-11T04:49:06.500872,0.665,0.335,1.0
2025-12-11T04:49:07.113522,0.67,0.33,1.0
2025-12-11T04:49:07.775631,0.685,0.315,1.0
2025-12-11T04:49:08.383298,0.685,0.315,1.0
2025-12-11T04:49:09.003163,0.685,0.315,1.0
2025-12-11T04:49:09.615068,0.685,0.315,1.0
2025-12-11T04:49:10.217836,0.685,0.315,1.0
2025-12-11T04:49:10.818054,0.685,0.315,1.0
2025-12-11T04:49:11.425065,0.69,0.31,1.0
2025-12-11T04:49:12.034933,0.675,0.325,1.0
2025-12-11T04:49:12.642714,0.68,0.32,1.0
2025-12-11T04:49:13.248419,0.685,0.315,1.0
2025-12-11T04:49:13.847491,0.68,0.315,0.9950000000000001
2025-12-11T04:49:14.442526,0.685,0.31,0.9950000000000001
2025-12-11T04:49:15.052343,0.69,0.31,1.0
2025-12-11T04:49:15.668403,0.695,0.305,1.0
2025-12-11T04:49:16.272037,0.675,0.325,1.0
2025-12-11T04:49:16.884714,0.675,0.325,1.0
2025-12-11T04:49:17.507890,0.66,0.34,1.0
2025-12-11T04:49:18.121370,0.645,0.355,1.0
2025-12-11T04:49:18.737659,0.67,0.33,1.0
2025-12-11T04:49:19.343279,0.675,0.325,1.0
2025-12-11T04:49:19.956240,0.685,0.315,1.0
2025-12-11T04:49:20.570169,0.69,0.31,1.0
2025-12-11T04:49:21.182048,0.685,0.315,1.0
2025-12-11T04:49:21.800586,0.68,0.325,1.0050000000000001
2025-12-11T04:49:22.413160,0.675,0.325,1.0
2025-12-11T04:49:23.023207,0.665,0.335,1.0
2025-12-11T04:49:23.637233,0.665,0.335,1.0
2025-12-11T04:49:24.236123,0.66,0.34,1.0
2025-12-11T04:49:24.857215,0.66,0.34,1.0
2025-12-11T04:49:25.462360,0.655,0.345,1.0
2025-12-11T04:49:26.075630,0.655,0.345,1.0
2025-12-11T04:49:26.687927,0.645,0.355,1.0
2025-12-11T04:49:27.309136,0.655,0.355,1.01
2025-12-11T04:49:27.924863,0.645,0.355,1.0
2025-12-11T04:49:28.552284,0.645,0.355,1.0
2025-12-11T04:49:29.162910,0.63,0.375,1.005
2025-12-11T04:49:29.772100,0.63,0.37,1.0
2025-12-11T04:49:30.389593,0.625,0.375,1.0
2025-12-11T04:49:31.012973,0.63,0.37,1.0
2025-12-11T04:49:31.625697,0.625,0.375,1.0
2025-12-11T04:49:32.220368,0.625,0.375,1.0
2025-12-11T04:49:32.831820,0.63,0.37,1.0
2025-12-11T04:49:33.442453,0.63,0.375,1.005
2025-12-11T04:49:32.484305,0.625,0.375,1.0
2025-12-11T04:49:33.094821,0.625,0.375,1.0
2025-12-11T04:49:33.725318,0.625,0.375,1.0
2025-12-11T04:49:34.338350,0.625,0.375,1.0
2025-12-11T04:49:34.949050,0.63,0.37,1.0
2025-12-11T04:49:35.564402,0.63,0.37,1.0
2025-12-11T04:49:36.184770,0.63,0.37,1.0
2025-12-11T04:49:36.801555,0.63,0.37,1.0
2025-12-11T04:49:37.415488,0.62,0.38,1.0
2025-12-11T04:49:38.025476,0.615,0.385,1.0
2025-12-11T04:49:38.621483,0.625,0.37,0.995
2025-12-11T04:49:39.226404,0.63,0.37,1.0
2025-12-11T04:49:39.831999,0.625,0.375,1.0
2025-12-11T04:49:40.433337,0.625,0.375,1.0
2025-12-11T04:49:41.043322,0.625,0.375,1.0
2025-12-11T04:49:41.640912,0.625,0.375,1.0
2025-12-11T04:49:42.253706,0.625,0.375,1.0
2025-12-11T04:49:42.857171,0.625,0.375,1.0
2025-12-11T04:49:43.454827,0.615,0.385,1.0
2025-12-11T04:49:44.053845,0.59,0.41,1.0
2025-12-11T04:49:44.653464,0.605,0.4,1.005
2025-12-11T04:49:45.259697,0.615,0.385,1.0
2025-12-11T04:49:45.863260,0.605,0.395,1.0
2025-12-11T04:49:46.471091,0.605,0.395,1.0
2025-12-11T04:49:47.080963,0.62,0.38,1.0
2025-12-11T04:49:47.677239,0.62,0.38,1.0
2025-12-11T04:49:48.271888,0.625,0.375,1.0
2025-12-11T04:49:48.879030,0.625,0.375,1.0
2025-12-11T04:49:49.484101,0.635,0.365,1.0
2025-12-11T04:49:50.085701,0.625,0.375,1.0
2025-12-11T04:49:50.688897,0.625,0.375,1.0
2025-12-11T04:49:51.311814,0.625,0.375,1.0
2025-12-11T04:49:51.917703,0.625,0.375,1.0
2025-12-11T04:49:52.518926,0.625,0.375,1.0
2025-12-11T04:49:53.119804,0.625,0.375,1.0
2025-12-11T04:49:53.719189,0.625,0.375,1.0
2025-12-11T04:49:54.314558,0.625,0.375,1.0
2025-12-11T04:49:55.159064,0.63,0.37,1.0
2025-12-11T04:49:55.768604,0.635,0.365,1.0
2025-12-11T04:49:56.375971,0.625,0.375,1.0
2025-12-11T04:49:56.981233,0.615,0.385,1.0
2025-12-11T04:49:57.591360,0.615,0.385,1.0
2025-12-11T04:49:58.201054,0.625,0.375,1.0
2025-12-11T04:49:58.803207,0.62,0.38,1.0
2025-12-11T04:49:59.410822,0.62,0.38,1.0
2025-12-11T04:50:00.017863,0.62,0.38,1.0
2025-12-11T04:50:00.624133,0.62,0.38,1.0
2025-12-11T04:50:01.230859,0.62,0.38,1.0
2025-12-11T04:50:01.833009,0.625,0.375,1.0
2025-12-11T04:50:02.435522,0.635,0.365,1.0
2025-12-11T04:50:03.045447,0.635,0.365,1.0
2025-12-11T04:50:03.695580,0.635,0.365,1.0
2025-12-11T04:50:04.304444,0.635,0.365,1.0
2025-12-11T04:50:03.327559,0.635,0.365,1.0
2025-12-11T04:50:03.931373,0.65,0.345,0.995
2025-12-11T04:50:04.535129,0.655,0.345,1.0
2025-12-11T04:50:05.398619,0.65,0.355,1.005
2025-12-11T04:50:06.007649,0.635,0.365,1.0
2025-12-11T04:50:06.611460,0.64,0.355,0.995
2025-12-11T04:50:07.220681,0.64,0.36,1.0
2025-12-11T04:50:07.827258,0.635,0.365,1.0
2025-12-11T04:50:08.431485,0.625,0.375,1.0
2025-12-11T04:50:09.035571,0.63,0.37,1.0
2025-12-11T04:50:09.639146,0.625,0.375,1.0
2025-12-11T04:50:10.244352,0.625,0.375,1.0
2025-12-11T04:50:10.849769,0.635,0.365,1.0
2025-12-11T04:50:11.459046,0.645,0.355,1.0
2025-12-11T04:50:12.066874,0.615,0.385,1.0
2025-12-11T04:50:12.672001,0.605,0.395,1.0
2025-12-11T04:50:13.274081,0.595,0.405,1.0
2025-12-11T04:50:13.876479,0.595,0.405,1.0
2025-12-11T04:50:14.482207,0.595,0.405,1.0
2025-12-11T04:50:15.085560,0.59,0.405,0.995
2025-12-11T04:50:15.689521,0.595,0.405,1.0
2025-12-11T04:50:16.305535,0.6,0.4,1.0
2025-12-11T04:50:16.917485,0.59,0.41,1.0
2025-12-11T04:50:17.518345,0.595,0.405,1.0
2025-12-11T04:50:18.123432,0.59,0.41,1.0
2025-12-11T04:50:18.726956,0.595,0.405,1.0
2025-12-11T04:50:19.331125,0.585,0.415,1.0
2025-12-11T04:50:19.941100,0.585,0.415,1.0
2025-12-11T04:50:20.541122,0.58,0.425,1.005
2025-12-11T04:50:21.138673,0.575,0.425,1.0
2025-12-11T04:50:21.782689,0.585,0.415,1.0
2025-12-11T04:50:22.391165,0.595,0.405,1.0
2025-12-11T04:50:22.995128,0.595,0.395,0.99
2025-12-11T04:50:23.600936,0.605,0.395,1.0
2025-12-11T04:50:24.227647,0.605,0.395,1.0
2025-12-11T04:50:24.833074,0.605,0.395,1.0
2025-12-11T04:50:25.439936,0.6,0.4,1.0
2025-12-11T04:50:26.049016,0.605,0.395,1.0
2025-12-11T04:50:26.653886,0.595,0.405,1.0
2025-12-11T04:50:27.550761,0.585,0.415,1.0
2025-12-11T04:50:28.149622,0.575,0.425,1.0
2025-12-11T04:50:28.759085,0.575,0.425,1.0
2025-12-11T04:50:29.397401,0.575,0.425,1.0
2025-12-11T04:50:30.007389,0.565,0.435,1.0
2025-12-11T04:50:30.604278,0.56,0.44,1.0
2025-12-11T04:50:31.199367,0.56,0.44,1.0
2025-12-11T04:50:31.812310,0.56,0.435,0.9950000000000001
2025-12-11T04:50:32.423323,0.555,0.445,1.0
2025-12-11T04:50:33.025814,0.55,0.45,1.0
2025-12-11T04:50:33.641705,0.555,0.445,1.0
2025-12-11T04:50:34.247543,0.55,0.45,1.0
2025-12-11T04:50:34.853328,0.545,0.455,1.0
2025-12-11T04:50:33.873314,0.545,0.455,1.0
2025-12-11T04:50:34.489744,0.545,0.455,1.0
2025-12-11T04:50:35.099850,0.55,0.45,1.0
2025-12-11T04:50:35.699552,0.545,0.455,1.0
2025-12-11T04:50:36.319964,0.54,0.46,1.0
2025-12-11T04:50:36.931932,0.545,0.455,1.0
2025-12-11T04:50:37.548329,0.555,0.445,1.0
2025-12-11T04:50:38.155923,0.565,0.435,1.0
2025-12-11T04:50:38.766438,0.575,0.425,1.0
2025-12-11T04:50:39.365417,0.585,0.415,1.0
2025-12-11T04:50:39.979019,0.585,0.415,1.0
2025-12-11T04:50:40.578769,0.585,0.415,1.0
2025-12-11T04:50:41.187247,0.585,0.415,1.0
2025-12-11T04:50:41.801645,0.585,0.415,1.0
2025-12-11T04:50:42.414922,0.585,0.415,1.0
2025-12-11T04:50:43.017958,0.595,0.405,1.0
2025-12-11T04:50:43.629455,0.595,0.405,1.0
2025-12-11T04:50:44.238224,0.595,0.405,1.0
2025-12-11T04:50:44.856224,0.61,0.39,1.0
2025-12-11T04:50:45.468942,0.61,0.39,1.0
2025-12-11T04:50:46.081159,0.615,0.39,1.005
2025-12-11T04:50:46.699237,0.605,0.395,1.0
2025-12-11T04:50:47.309123,0.615,0.385,1.0
2025-12-11T04:50:47.916720,0.625,0.375,1.0
2025-12-11T04:50:48.518018,0.62,0.385,1.005
2025-12-11T04:50:49.131429,0.625,0.375,1.0
2025-12-11T04:50:49.735160,0.635,0.365,1.0
2025-12-11T04:50:50.343725,0.635,0.365,1.0
2025-12-11T04:50:50.945764,0.64,0.36,1.0
2025-12-11T04:50:51.556443,0.64,0.36,1.0
2025-12-11T04:50:52.163393,0.645,0.355,1.0
2025-12-11T04:50:52.772928,0.655,0.345,1.0
2025-12-11T04:50:53.381170,0.665,0.335,1.0
2025-12-11T04:50:53.985663,0.66,0.34,1.0
2025-12-11T04:50:54.598123,0.66,0.34,1.0
2025-12-11T04:50:55.207805,0.66,0.345,1.005
2025-12-11T04:50:55.820608,0.635,0.37,1.005
2025-12-11T04:50:56.428855,0.62,0.38,1.0
2025-12-11T04:50:57.034667,0.645,0.355,1.0
2025-12-11T04:50:57.688998,0.665,0.335,1.0
2025-12-11T04:50:58.301905,0.665,0.335,1.0
2025-12-11T04:50:58.898507,0.665,0.335,1.0
2025-12-11T04:50:59.506433,0.705,0.295,1.0
2025-12-11T04:51:00.117319,0.705,0.3,1.005
2025-12-11T04:51:00.725315,0.695,0.305,1.0
2025-12-11T04:51:01.331504,0.715,0.285,1.0
2025-12-11T04:51:01.945842,0.685,0.305,0.99
2025-12-11T04:51:02.555265,0.695,0.305,1.0
2025-12-11T04:51:03.165977,0.67,0.33,1.0
2025-12-11T04:51:03.770446,0.665,0.335,1.0
2025-12-11T04:51:04.378012,0.655,0.345,1.0
2025-12-11T04:51:04.993222,0.655,0.355,1.01
2025-12-11T04:51:05.605568,0.635,0.375,1.01
2025-12-11T04:51:04.785063,0.615,0.385,1.0
2025-12-11T04:51:05.387929,0.615,0.385,1.0
2025-12-11T04:51:06.001121,0.615,0.385,1.0
2025-12-11T04:51:06.616076,0.615,0.385,1.0
2025-12-11T04:51:07.225515,0.615,0.385,1.0
2025-12-11T04:51:07.825270,0.615,0.38,0.995
2025-12-11T04:51:08.436851,0.625,0.375,1.0
2025-12-11T04:51:09.043566,0.625,0.37,0.995
2025-12-11T04:51:09.645154,0.63,0.37,1.0
2025-12-11T04:51:10.254353,0.625,0.375,1.0
2025-12-11T04:51:10.863604,0.63,0.37,1.0
2025-12-11T04:51:11.475918,0.63,0.37,1.0
2025-12-11T04:51:12.093398,0.63,0.37,1.0
2025-12-11T04:51:12.700009,0.63,0.375,1.005
2025-12-11T04:51:13.308203,0.625,0.375,1.0
2025-12-11T04:51:13.913274,0.625,0.375,1.0
2025-12-11T04:51:14.513583,0.625,0.375,1.0
2025-12-11T04:51:15.115311,0.63,0.375,1.005
2025-12-11T04:51:15.727292,0.635,0.37,1.005
2025-12-11T04:51:16.333514,0.635,0.365,1.0
2025-12-11T04:51:16.936863,0.64,0.36,1.0
2025-12-11T04:51:17.546851,0.64,0.355,0.995
2025-12-11T04:51:18.162617,0.655,0.34,0.9950000000000001
2025-12-11T04:51:18.771684,0.665,0.335,1.0
2025-12-11T04:51:19.377847,0.675,0.325,1.0
2025-12-11T04:51:19.983042,0.675,0.32,0.9950000000000001
2025-12-11T04:51:20.588312,0.695,0.305,1.0
2025-12-11T04:51:21.200953,0.705,0.295,1.0
2025-12-11T04:51:21.805662,0.705,0.295,1.0
2025-12-11T04:51:22.409371,0.705,0.295,1.0
2025-12-11T04:51:23.019365,0.695,0.305,1.0
2025-12-11T04:51:23.630924,0.695,0.305,1.0
2025-12-11T04:51:24.236182,0.69,0.31,1.0
2025-12-11T04:51:24.855892,0.685,0.315,1.0
2025-12-11T04:51:25.460971,0.66,0.34,1.0
2025-12-11T04:51:26.069358,0.66,0.34,1.0
2025-12-11T04:51:26.676002,0.655,0.345,1.0
2025-12-11T04:51:27.285085,0.64,0.36,1.0
2025-12-11T04:51:27.885132,0.645,0.355,1.0
2025-12-11T04:51:28.488365,0.64,0.36,1.0
2025-12-11T04:51:29.169068,0.655,0.345,1.0
2025-12-11T04:51:29.771988,0.675,0.325,1.0
2025-12-11T04:51:30.378362,0.685,0.315,1.0
2025-12-11T04:51:30.985137,0.675,0.325,1.0
2025-12-11T04:51:31.590243,0.66,0.34,1.0
2025-12-11T04:51:32.199162,0.645,0.355,1.0
2025-12-11T04:51:32.809395,0.645,0.35,0.995
2025-12-11T04:51:33.410889,0.625,0.375,1.0
2025-12-11T04:51:34.019380,0.625,0.375,1.0
2025-12-11T04:51:34.619082,0.625,0.375,1.0
2025-12-11T04:51:35.235229,0.615,0.385,1.0
2025-12-11T04:51:35.845742,0.605,0.395,1.0
2025-12-11T04:51:34.882148,0.615,0.385,1.0
2025-12-11T04:51:35.492818,0.615,0.385,1.0
2025-12-11T04:51:36.097670,0.615,0.385,1.0
2025-12-11T04:51:36.720969,0.615,0.385,1.0
2025-12-11T04:51:37.335737,0.615,0.385,1.0
2025-12-11T04:51:37.950385,0.605,0.395,1.0
2025-12-11T04:51:38.566496,0.605,0.395,1.0
2025-12-11T04:51:39.176643,0.6,0.4,1.0
2025-12-11T04:51:39.775858,0.595,0.4,0.995
2025-12-11T04:51:40.386859,0.6,0.405,1.005
2025-12-11T04:51:41.006802,0.6,0.4,1.0
2025-12-11T04:51:41.623374,0.595,0.405,1.0
2025-12-11T04:51:42.232465,0.6,0.4,1.0
2025-12-11T04:51:42.851606,0.605,0.395,1.0
2025-12-11T04:51:43.462738,0.605,0.395,1.0
2025-12-11T04:51:44.063450,0.605,0.395,1.0
2025-12-11T04:51:44.676183,0.615,0.385,1.0
2025-12-11T04:51:45.291084,0.61,0.39,1.0
2025-12-11T04:51:45.912710,0.61,0.39,1.0
2025-12-11T04:51:46.524862,0.605,0.395,1.0
2025-12-11T04:51:47.131959,0.59,0.41,1.0
2025-12-11T04:51:47.744906,0.59,0.41,1.0
2025-12-11T04:51:48.361472,0.585,0.415,1.0
2025-12-11T04:51:48.970560,0.585,0.415,1.0
2025-12-11T04:51:49.591540,0.575,0.425,1.0
2025-12-11T04:51:50.210744,0.575,0.425,1.0
2025-12-11T04:51:50.828716,0.575,0.425,1.0
2025-12-11T04:51:51.438127,0.575,0.425,1.0
2025-12-11T04:51:52.048504,0.575,0.425,1.0
2025-12-11T04:51:52.655864,0.565,0.435,1.0
2025-12-11T04:51:53.258464,0.575,0.425,1.0
2025-12-11T04:51:53.888526,0.575,0.425,1.0
2025-12-11T04:51:54.494536,0.575,0.425,1.0
2025-12-11T04:51:55.102123,0.565,0.435,1.0
2025-12-11T04:51:55.710161,0.565,0.435,1.0
2025-12-11T04:51:56.310545,0.57,0.43,1.0
2025-12-11T04:51:56.917769,0.57,0.43,1.0
2025-12-11T04:51:57.533648,0.57,0.43,1.0
2025-12-11T04:51:58.137411,0.575,0.425,1.0
2025-12-11T04:51:58.741582,0.58,0.42,1.0
2025-12-11T04:51:59.351068,0.575,0.425,1.0
2025-12-11T04:51:59.956182,0.565,0.43,0.9949999999999999
2025-12-11T04:52:00.568553,0.57,0.43,1.0
2025-12-11T04:52:01.176798,0.57,0.43,1.0
2025-12-11T04:52:01.783047,0.565,0.435,1.0
2025-12-11T04:52:02.391572,0.575,0.425,1.0
2025-12-11T04:52:02.999118,0.565,0.44,1.005
2025-12-11T04:52:03.598247,0.555,0.445,1.0
2025-12-11T04:52:04.209414,0.555,0.445,1.0
2025-12-11T04:52:04.817685,0.535,0.465,1.0
2025-12-11T04:52:05.455625,0.545,0.455,1.0
2025-12-11T04:52:06.070566,0.53,0.47,1.0
2025-12-11T04:52:06.676144,0.53,0.47,1.0
2025-12-11T04:52:05.708790,0.535,0.465,1.0
2025-12-11T04:52:06.314600,0.53,0.47,1.0
2025-12-11T04:52:06.922488,0.53,0.47,1.0
2025-12-11T04:52:07.527994,0.535,0.465,1.0
2025-12-11T04:52:08.130521,0.53,0.47,1.0
2025-12-11T04:52:08.739933,0.53,0.47,1.0
2025-12-11T04:52:09.355384,0.53,0.47,1.0
2025-12-11T04:52:09.956091,0.53,0.47,1.0
2025-12-11T04:52:10.568766,0.525,0.48,1.005
2025-12-11T04:52:11.175225,0.51,0.49,1.0
2025-12-11T04:52:11.785372,0.515,0.485,1.0
2025-12-11T04:52:12.389716,0.515,0.485,1.0
2025-12-11T04:52:12.991437,0.525,0.47,0.995
2025-12-11T04:52:13.594717,0.55,0.45,1.0
2025-12-11T04:52:14.195965,0.57,0.43,1.0
2025-12-11T04:52:14.794992,0.56,0.44,1.0
2025-12-11T04:52:15.407513,0.575,0.425,1.0
2025-12-11T04:52:16.016456,0.575,0.425,1.0
2025-12-11T04:52:16.633955,0.575,0.425,1.0
2025-12-11T04:52:17.310097,0.575,0.425,1.0
2025-12-11T04:52:17.961862,0.575,0.425,1.0
2025-12-11T04:52:18.559921,0.575,0.425,1.0
2025-12-11T04:52:19.170750,0.575,0.425,1.0
2025-12-11T04:52:19.781123,0.575,0.425,1.0
2025-12-11T04:52:20.395804,0.575,0.425,1.0
2025-12-11T04:52:20.999427,0.575,0.425,1.0
2025-12-11T04:52:21.607687,0.575,0.425,1.0
2025-12-11T04:52:22.213329,0.575,0.425,1.0
2025-12-11T04:52:22.823364,0.575,0.425,1.0
2025-12-11T04:52:23.429895,0.57,0.43,1.0
2025-12-11T04:52:24.038936,0.555,0.445,1.0
2025-12-11T04:52:24.645501,0.555,0.445,1.0
2025-12-11T04:52:25.255051,0.555,0.445,1.0
2025-12-11T04:52:25.862220,0.55,0.45,1.0
2025-12-11T04:52:26.475395,0.545,0.455,1.0
2025-12-11T04:52:27.084962,0.55,0.45,1.0
2025-12-11T04:52:27.688247,0.55,0.45,1.0
2025-12-11T04:52:28.296742,0.55,0.45,1.0
2025-12-11T04:52:28.908350,0.555,0.445,1.0
2025-12-11T04:52:29.511296,0.555,0.445,1.0
2025-12-11T04:52:30.121824,0.555,0.445,1.0
2025-12-11T04:52:30.731349,0.555,0.445,1.0
2025-12-11T04:52:31.352244,0.555,0.445,1.0
2025-12-11T04:52:31.956709,0.55,0.45,1.0
2025-12-11T04:52:32.564078,0.555,0.45,1.0050000000000001
2025-12-11T04:52:33.163133,0.55,0.45,1.0
2025-12-11T04:52:33.768423,0.55,0.45,1.0
2025-12-11T04:52:34.381479,0.535,0.465,1.0
2025-12-11T04:52:34.984956,0.5,0.505,1.005
2025-12-11T04:52:35.595659,0.495,0.5,0.995
2025-12-11T04:52:36.200399,0.515,0.485,1.0
2025-12-11T04:52:37.059405,0.5,0.505,1.005
2025-12-11T04:52:37.672748,0.495,0.505,1.0
2025-12-11T04:52:36.685602,0.495,0.505,1.0
2025-12-11T04:52:37.289573,0.495,0.505,1.0
2025-12-11T04:52:37.887849,0.515,0.485,1.0
2025-12-11T04:52:38.493197,0.515,0.485,1.0
2025-12-11T04:52:39.111041,0.515,0.485,1.0
2025-12-11T04:52:39.716421,0.515,0.485,1.0
2025-12-11T04:52:40.322582,0.515,0.485,1.0
2025-12-11T04:52:40.936608,0.515,0.485,1.0
2025-12-11T04:52:41.541612,0.525,0.475,1.0
2025-12-11T04:52:42.146065,0.525,0.475,1.0
2025-12-11T04:52:42.755097,0.525,0.475,1.0
2025-12-11T04:52:43.358613,0.525,0.475,1.0
2025-12-11T04:52:43.964904,0.525,0.475,1.0
2025-12-11T04:52:44.568855,0.525,0.475,1.0
2025-12-11T04:52:45.185023,0.525,0.475,1.0
2025-12-11T04:52:45.797009,0.525,0.475,1.0
2025-12-11T04:52:46.403773,0.515,0.485,1.0
2025-12-11T04:52:47.009717,0.515,0.485,1.0
2025-12-11T04:52:47.617606,0.515,0.485,1.0
2025-12-11T04:52:48.215194,0.515,0.485,1.0
2025-12-11T04:52:48.825978,0.515,0.485,1.0
2025-12-11T04:52:49.436693,0.515,0.485,1.0
2025-12-11T04:52:50.036178,0.515,0.485,1.0
2025-12-11T04:52:50.644933,0.515,0.485,1.0
2025-12-11T04:52:51.257879,0.515,0.485,1.0
2025-12-11T04:52:51.868265,0.515,0.485,1.0
2025-12-11T04:52:52.470165,0.515,0.485,1.0
2025-12-11T04:52:53.085338,0.515,0.485,1.0
2025-12-11T04:52:53.690030,0.515,0.485,1.0
2025-12-11T04:52:54.292336,0.515,0.485,1.0
2025-12-11T04:52:54.895468,0.515,0.485,1.0
2025-12-11T04:52:55.510383,0.515,0.485,1.0
2025-12-11T04:52:56.116430,0.515,0.485,1.0
2025-12-11T04:52:56.722410,0.515,0.485,1.0
2025-12-11T04:52:57.336936,0.505,0.495,1.0
2025-12-11T04:52:57.951426,0.505,0.495,1.0
2025-12-11T04:52:58.562815,0.515,0.485,1.0
2025-12-11T04:52:59.236633,0.515,0.485,1.0
2025-12-11T04:52:59.838910,0.495,0.505,1.0
2025-12-11T04:53:00.445808,0.5,0.5,1.0
2025-12-11T04:53:01.051372,0.505,0.495,1.0
2025-12-11T04:53:01.653575,0.495,0.505,1.0
2025-12-11T04:53:02.259290,0.485,0.515,1.0
2025-12-11T04:53:02.858004,0.485,0.515,1.0
2025-12-11T04:53:03.459092,0.505,0.495,1.0
2025-12-11T04:53:04.069192,0.505,0.495,1.0
2025-12-11T04:53:04.672224,0.495,0.505,1.0
2025-12-11T04:53:05.284262,0.505,0.49,0.995
2025-12-11T04:53:05.894251,0.515,0.485,1.0
2025-12-11T04:53:06.502604,0.525,0.475,1.0
2025-12-11T04:53:07.111208,0.525,0.475,1.0
2025-12-11T04:53:07.716869,0.525,0.475,1.0
2025-12-11T04:53:08.332766,0.525,0.475,1.0
2025-12-11T04:53:07.351706,0.525,0.48,1.005
2025-12-11T04:53:07.949195,0.515,0.485,1.0
2025-12-11T04:53:08.556074,0.515,0.485,1.0
2025-12-11T04:53:09.160629,0.515,0.485,1.0
2025-12-11T04:53:09.782594,0.515,0.485,1.0
2025-12-11T04:53:10.388500,0.525,0.475,1.0
2025-12-11T04:53:10.993432,0.525,0.48,1.005
2025-12-11T04:53:11.597348,0.515,0.485,1.0
2025-12-11T04:53:12.201754,0.515,0.485,1.0
2025-12-11T04:53:12.810029,0.51,0.49,1.0
2025-12-11T04:53:13.413703,0.5,0.5,1.0
2025-12-11T04:53:14.026644,0.495,0.505,1.0
2025-12-11T04:53:14.635504,0.515,0.485,1.0
2025-12-11T04:53:15.243439,0.51,0.49,1.0
2025-12-11T04:53:15.843789,0.52,0.48,1.0
2025-12-11T04:53:16.449248,0.515,0.485,1.0
2025-12-11T04:53:17.064426,0.515,0.485,1.0
2025-12-11T04:53:17.670181,0.515,0.485,1.0
2025-12-11T04:53:18.282964,0.51,0.49,1.0
2025-12-11T04:53:18.889525,0.495,0.505,1.0
2025-12-11T04:53:19.498589,0.5,0.5,1.0
2025-12-11T04:53:20.107982,0.495,0.505,1.0
2025-12-11T04:53:20.717352,0.495,0.505,1.0
2025-12-11T04:53:21.324469,0.495,0.505,1.0
2025-12-11T04:53:21.931335,0.495,0.505,1.0
2025-12-11T04:53:22.620185,0.495,0.505,1.0
2025-12-11T04:53:23.237676,0.505,0.495,1.0
2025-12-11T04:53:23.836339,0.5,0.5,1.0
2025-12-11T04:53:24.447300,0.495,0.505,1.0
2025-12-11T04:53:25.054841,0.505,0.495,1.0
2025-12-11T04:53:25.667323,0.515,0.485,1.0
2025-12-11T04:53:26.268781,0.51,0.49,1.0
2025-12-11T04:53:26.878783,0.5,0.5,1.0
2025-12-11T04:53:27.492276,0.505,0.495,1.0
2025-12-11T04:53:28.100675,0.505,0.495,1.0
2025-12-11T04:53:28.709631,0.51,0.49,1.0
2025-12-11T04:53:29.321948,0.505,0.495,1.0
2025-12-11T04:53:29.930950,0.505,0.495,1.0
2025-12-11T04:53:30.550117,0.495,0.505,1.0
2025-12-11T04:53:31.155344,0.51,0.49,1.0
2025-12-11T04:53:31.766562,0.505,0.495,1.0
2025-12-11T04:53:32.361579,0.525,0.475,1.0
2025-12-11T04:53:32.973371,0.565,0.435,1.0
2025-12-11T04:53:33.576142,0.565,0.435,1.0
2025-12-11T04:53:34.189993,0.575,0.42,0.9949999999999999
2025-12-11T04:53:34.802796,0.585,0.415,1.0
2025-12-11T04:53:35.413755,0.595,0.405,1.0
2025-12-11T04:53:36.015617,0.605,0.395,1.0
2025-12-11T04:53:36.626273,0.625,0.375,1.0
2025-12-11T04:53:37.241076,0.615,0.385,1.0
2025-12-11T04:53:37.851409,0.605,0.395,1.0
2025-12-11T04:53:38.466118,0.595,0.41,1.005
2025-12-11T04:53:37.512181,0.535,0.465,1.0
2025-12-11T04:53:38.110793,0.505,0.495,1.0
2025-12-11T04:53:38.708965,0.505,0.495,1.0
2025-12-11T04:53:39.314468,0.515,0.485,1.0
2025-12-11T04:53:40.174459,0.505,0.485,0.99
2025-12-11T04:53:40.776223,0.485,0.515,1.0
2025-12-11T04:53:41.380090,0.495,0.505,1.0
2025-12-11T04:53:41.980493,0.485,0.495,0.98
2025-12-11T04:53:42.590726,0.5,0.505,1.005
2025-12-11T04:53:43.195716,0.485,0.515,1.0
2025-12-11T04:53:43.803993,0.495,0.505,1.0
2025-12-11T04:53:44.415554,0.505,0.495,1.0
2025-12-11T04:53:45.020545,0.505,0.495,1.0
2025-12-11T04:53:45.629671,0.505,0.505,1.01
2025-12-11T04:53:46.234823,0.495,0.505,1.0
2025-12-11T04:53:46.840780,0.495,0.505,1.0
2025-12-11T04:53:47.437901,0.485,0.515,1.0
2025-12-11T04:53:48.054096,0.475,0.525,1.0
2025-12-11T04:53:48.668604,0.48,0.52,1.0
2025-12-11T04:53:49.283648,0.475,0.525,1.0
2025-12-11T04:53:49.889413,0.475,0.525,1.0
2025-12-11T04:53:50.495775,0.475,0.525,1.0
2025-12-11T04:53:51.104590,0.485,0.515,1.0
2025-12-11T04:53:51.714042,0.485,0.515,1.0
2025-12-11T04:53:52.323886,0.485,0.515,1.0
2025-12-11T04:53:52.930424,0.485,0.515,1.0
2025-12-11T04:53:53.530723,0.49,0.51,1.0
2025-12-11T04:53:54.140074,0.51,0.49,1.0
2025-12-11T04:53:54.747777,0.515,0.485,1.0
2025-12-11T04:53:55.363541,0.515,0.485,1.0
2025-12-11T04:53:55.977738,0.515,0.485,1.0
2025-12-11T04:53:56.590981,0.52,0.48,1.0
2025-12-11T04:53:57.193611,0.515,0.485,1.0
2025-12-11T04:53:57.805738,0.515,0.49,1.005
2025-12-11T04:53:58.440565,0.515,0.485,1.0
2025-12-11T04:53:59.045273,0.52,0.48,1.0
2025-12-11T04:53:59.657022,0.525,0.475,1.0
2025-12-11T04:54:00.277604,0.525,0.475,1.0
2025-12-11T04:54:00.886521,0.525,0.475,1.0
2025-12-11T04:54:01.493749,0.525,0.475,1.0
2025-12-11T04:54:02.110480,0.53,0.465,0.9950000000000001
2025-12-11T04:54:02.734884,0.525,0.475,1.0
2025-12-11T04:54:03.356557,0.525,0.475,1.0
2025-12-11T04:54:04.036849,0.535,0.465,1.0
2025-12-11T04:54:04.644563,0.54,0.46,1.0
2025-12-11T04:54:05.254463,0.55,0.45,1.0
2025-12-11T04:54:05.867758,0.555,0.445,1.0
2025-12-11T04:54:06.491095,0.555,0.445,1.0
2025-12-11T04:54:07.094937,0.545,0.455,1.0
2025-12-11T04:54:07.708113,0.525,0.495,1.02
2025-12-11T04:54:08.324644,0.465,0.535,1.0
2025-12-11T04:54:08.936621,0.465,0.525,0.99
2025-12-11T04:54:09.538890,0.485,0.515,1.0
2025-12-11T04:54:08.569861,0.495,0.505,1.0
2025-12-11T04:54:09.182027,0.495,0.505,1.0
2025-12-11T04:54:09.792500,0.49,0.51,1.0
2025-12-11T04:54:10.400344,0.485,0.52,1.005
2025-12-11T04:54:11.005606,0.485,0.515,1.0
2025-12-11T04:54:11.610365,0.485,0.515,1.0
2025-12-11T04:54:12.220568,0.485,0.515,1.0
2025-12-11T04:54:12.832374,0.495,0.505,1.0
2025-12-11T04:54:13.446292,0.505,0.49,0.995
2025-12-11T04:54:14.103389,0.495,0.505,1.0
2025-12-11T04:54:14.710033,0.495,0.505,1.0
2025-12-11T04:54:15.309446,0.495,0.505,1.0
2025-12-11T04:54:15.913675,0.495,0.505,1.0
2025-12-11T04:54:16.517841,0.495,0.505,1.0
2025-12-11T04:54:17.125564,0.495,0.505,1.0
2025-12-11T04:54:17.735846,0.515,0.485,1.0
2025-12-11T04:54:18.398097,0.52,0.48,1.0
2025-12-11T04:54:19.010101,0.52,0.475,0.995
2025-12-11T04:54:19.623700,0.525,0.475,1.0
2025-12-11T04:54:20.241280,0.515,0.485,1.0
2025-12-11T04:54:20.853014,0.515,0.485,1.0
2025-12-11T04:54:21.463300,0.515,0.485,1.0
2025-12-11T04:54:22.083079,0.485,0.515,1.0
2025-12-11T04:54:22.698049,0.445,0.555,1.0
2025-12-11T04:54:23.301496,0.44,0.555,0.9950000000000001
2025-12-11T04:54:23.919093,0.445,0.555,1.0
2025-12-11T04:54:24.526016,0.46,0.54,1.0
2025-12-11T04:54:25.143129,0.445,0.555,1.0
2025-12-11T04:54:25.756756,0.46,0.54,1.0
2025-12-11T04:54:26.371299,0.45,0.55,1.0
2025-12-11T04:54:26.984677,0.445,0.555,1.0
2025-12-11T04:54:27.593093,0.47,0.53,1.0
2025-12-11T04:54:28.207860,0.475,0.525,1.0
2025-12-11T04:54:28.821500,0.48,0.525,1.005
2025-12-11T04:54:29.433379,0.47,0.525,0.995
2025-12-11T04:54:30.045429,0.47,0.53,1.0
2025-12-11T04:54:30.647217,0.48,0.52,1.0
2025-12-11T04:54:31.266859,0.485,0.52,1.005
2025-12-11T04:54:31.877691,0.485,0.515,1.0
2025-12-11T04:54:32.485612,0.48,0.515,0.995
2025-12-11T04:54:33.129625,0.48,0.52,1.0
2025-12-11T04:54:33.734042,0.485,0.51,0.995
2025-12-11T04:54:34.359331,0.495,0.505,1.0
2025-12-11T04:54:34.977463,0.505,0.495,1.0
2025-12-11T04:54:35.591570,0.505,0.495,1.0
2025-12-11T04:54:36.206720,0.515,0.485,1.0
2025-12-11T04:54:36.822335,0.515,0.485,1.0
2025-12-11T04:54:37.440532,0.525,0.475,1.0
2025-12-11T04:54:38.045076,0.525,0.475,1.0
2025-12-11T04:54:38.676265,0.525,0.475,1.0
2025-12-11T04:54:39.309561,0.525,0.475,1.0
2025-12-11T04:54:39.923994,0.525,0.475,1.0
2025-12-11T04:54:38.957682,0.525,0.475,1.0
2025-12-11T04:54:39.574795,0.525,0.47,0.995
2025-12-11T04:54:40.187199,0.525,0.475,1.0
2025-12-11T04:54:40.803350,0.525,0.475,1.0
2025-12-11T04:54:41.416128,0.535,0.465,1.0
2025-12-11T04:54:42.029869,0.535,0.465,1.0
2025-12-11T04:54:42.631086,0.535,0.465,1.0
2025-12-11T04:54:43.246056,0.535,0.465,1.0
2025-12-11T04:54:43.858937,0.565,0.435,1.0
2025-12-11T04:54:44.472041,0.575,0.425,1.0
2025-12-11T04:54:45.076732,0.58,0.425,1.005
2025-12-11T04:54:45.693417,0.575,0.425,1.0
2025-12-11T04:54:46.306636,0.575,0.425,1.0
2025-12-11T04:54:46.905345,0.59,0.41,1.0
2025-12-11T04:54:47.518252,0.595,0.405,1.0
2025-12-11T04:54:48.134561,0.605,0.395,1.0
2025-12-11T04:54:48.744461,0.605,0.395,1.0
2025-12-11T04:54:49.350317,0.615,0.385,1.0
2025-12-11T04:54:49.966124,0.645,0.35,0.995
2025-12-11T04:54:50.579225,0.655,0.345,1.0
2025-12-11T04:54:51.192702,0.655,0.345,1.0
2025-12-11T04:54:51.802982,0.64,0.365,1.005
2025-12-11T04:54:52.418713,0.605,0.395,1.0
2025-12-11T04:54:53.025517,0.605,0.395,1.0
2025-12-11T04:54:53.640607,0.605,0.395,1.0
2025-12-11T04:54:54.256359,0.615,0.385,1.0
2025-12-11T04:54:54.855523,0.625,0.375,1.0
2025-12-11T04:54:55.469175,0.625,0.375,1.0
2025-12-11T04:54:56.081625,0.625,0.375,1.0
2025-12-11T04:54:56.698962,0.62,0.385,1.005
2025-12-11T04:54:57.307122,0.615,0.385,1.0
2025-12-11T04:54:57.921728,0.605,0.395,1.0
2025-12-11T04:54:58.552934,0.61,0.395,1.005
2025-12-11T04:54:59.167832,0.605,0.395,1.0
2025-12-11T04:54:59.778206,0.61,0.39,1.0
2025-12-11T04:55:00.389671,0.605,0.395,1.0
2025-12-11T04:55:01.004681,0.61,0.39,1.0
2025-12-11T04:55:01.615064,0.605,0.395,1.0
2025-12-11T04:55:02.228616,0.595,0.405,1.0
2025-12-11T04:55:02.851827,0.585,0.425,1.01
2025-12-11T04:55:03.456225,0.565,0.435,1.0
2025-12-11T04:55:04.069017,0.575,0.425,1.0
2025-12-11T04:55:04.683491,0.57,0.43,1.0
2025-12-11T04:55:05.299273,0.575,0.425,1.0
2025-12-11T04:55:05.909763,0.57,0.425,0.9949999999999999
2025-12-11T04:55:06.520601,0.57,0.425,0.9949999999999999
2025-12-11T04:55:07.132131,0.575,0.425,1.0
2025-12-11T04:55:07.744578,0.575,0.425,1.0
2025-12-11T04:55:08.354852,0.575,0.425,1.0
2025-12-11T04:55:08.970003,0.575,0.425,1.0
2025-12-11T04:55:09.584439,0.59,0.415,1.005
2025-12-11T04:55:10.208009,0.585,0.415,1.0
2025-12-11T04:55:10.824460,0.565,0.435,1.0
2025-12-11T04:55:09.848988,0.515,0.485,1.0
2025-12-11T04:55:10.463660,0.51,0.49,1.0
2025-12-11T04:55:11.078082,0.52,0.48,1.0
2025-12-11T04:55:11.693721,0.505,0.495,1.0
2025-12-11T04:55:12.296918,0.505,0.495,1.0
2025-12-11T04:55:12.910023,0.505,0.495,1.0
2025-12-11T04:55:13.515877,0.515,0.485,1.0
2025-12-11T04:55:14.128665,0.51,0.49,1.0
2025-12-11T04:55:14.741004,0.515,0.485,1.0
2025-12-11T04:55:15.353797,0.515,0.485,1.0
2025-12-11T04:55:15.970488,0.515,0.485,1.0
2025-12-11T04:55:16.582977,0.515,0.485,1.0
2025-12-11T04:55:17.196395,0.515,0.485,1.0
2025-12-11T04:55:17.815945,0.515,0.485,1.0
2025-12-11T04:55:18.433520,0.515,0.485,1.0
2025-12-11T04:55:19.048761,0.515,0.485,1.0
2025-12-11T04:55:19.669274,0.515,0.485,1.0
2025-12-11T04:55:20.290977,0.495,0.505,1.0
2025-12-11T04:55:20.910105,0.545,0.455,1.0
2025-12-11T04:55:21.530689,0.565,0.435,1.0
2025-12-11T04:55:22.156449,0.565,0.435,1.0
2025-12-11T04:55:22.777531,0.565,0.435,1.0
2025-12-11T04:55:23.424329,0.565,0.435,1.0
2025-12-11T04:55:24.044558,0.575,0.425,1.0
2025-12-11T04:55:24.657772,0.585,0.42,1.005
2025-12-11T04:55:25.259130,0.575,0.425,1.0
2025-12-11T04:55:25.875840,0.595,0.405,1.0
2025-12-11T04:55:26.487603,0.595,0.405,1.0
2025-12-11T04:55:27.110320,0.575,0.425,1.0
2025-12-11T04:55:27.742886,0.575,0.425,1.0
2025-12-11T04:55:28.373979,0.58,0.42,1.0
2025-12-11T04:55:28.984229,0.59,0.41,1.0
2025-12-11T04:55:29.604505,0.59,0.41,1.0
2025-12-11T04:55:30.224990,0.59,0.41,1.0
2025-12-11T04:55:30.842861,0.585,0.415,1.0
2025-12-11T04:55:31.477886,0.595,0.405,1.0
2025-12-11T04:55:32.092268,0.615,0.385,1.0
2025-12-11T04:55:32.706840,0.625,0.375,1.0
2025-12-11T04:55:33.307720,0.635,0.365,1.0
2025-12-11T04:55:33.928975,0.715,0.27,0.985
2025-12-11T04:55:34.541416,0.665,0.335,1.0
2025-12-11T04:55:35.153955,0.69,0.315,1.005
2025-12-11T04:55:35.762810,0.68,0.32,1.0
2025-12-11T04:55:36.382722,0.675,0.325,1.0
2025-12-11T04:55:36.998503,0.68,0.32,1.0
2025-12-11T04:55:37.615101,0.67,0.34,1.01
2025-12-11T04:55:38.225976,0.66,0.34,1.0
2025-12-11T04:55:38.839743,0.645,0.355,1.0
2025-12-11T04:55:39.460503,0.65,0.35,1.0
2025-12-11T04:55:40.078980,0.675,0.325,1.0
2025-12-11T04:55:40.693535,0.695,0.305,1.0
2025-12-11T04:55:41.294069,0.74,0.255,0.995
2025-12-11T04:55:40.346079,0.74,0.26,1.0
2025-12-11T04:55:40.960458,0.725,0.275,1.0
2025-12-11T04:55:41.575001,0.73,0.27,1.0
2025-12-11T04:55:42.193967,0.765,0.235,1.0
2025-12-11T04:55:42.808034,0.745,0.26,1.005
2025-12-11T04:55:43.420422,0.725,0.275,1.0
2025-12-11T04:55:44.027872,0.745,0.255,1.0
2025-12-11T04:55:44.638139,0.765,0.24,1.005
2025-12-11T04:55:45.249489,0.76,0.24,1.0
2025-12-11T04:55:45.861943,0.755,0.245,1.0
2025-12-11T04:55:46.476647,0.78,0.215,0.995
2025-12-11T04:55:47.092336,0.785,0.215,1.0
2025-12-11T04:55:47.694722,0.775,0.225,1.0
2025-12-11T04:55:48.298082,0.775,0.225,1.0
2025-12-11T04:55:48.908267,0.785,0.215,1.0
2025-12-11T04:55:49.518360,0.785,0.215,1.0
2025-12-11T04:55:50.125263,0.795,0.205,1.0
2025-12-11T04:55:50.735068,0.795,0.205,1.0
2025-12-11T04:55:51.353899,0.785,0.215,1.0
2025-12-11T04:55:51.968884,0.775,0.225,1.0
2025-12-11T04:55:52.986417,0.76,0.24,1.0
2025-12-11T04:55:53.589221,0.765,0.235,1.0
2025-12-11T04:55:54.199190,0.755,0.245,1.0
2025-12-11T04:55:54.809947,0.755,0.235,0.99
2025-12-11T04:55:55.419306,0.77,0.23,1.0
2025-12-11T04:55:56.024151,0.77,0.23,1.0
2025-12-11T04:55:56.625090,0.765,0.235,1.0
2025-12-11T04:55:57.228814,0.755,0.245,1.0
2025-12-11T04:55:57.831897,0.75,0.25,1.0
2025-12-11T04:55:58.440199,0.75,0.25,1.0
2025-12-11T04:55:59.049001,0.755,0.245,1.0
2025-12-11T04:55:59.668670,0.755,0.245,1.0
2025-12-11T04:56:00.280867,0.745,0.255,1.0
2025-12-11T04:56:00.895081,0.75,0.25,1.0
2025-12-11T04:56:01.513829,0.76,0.245,1.005
2025-12-11T04:56:02.129877,0.755,0.245,1.0
2025-12-11T04:56:02.736851,0.74,0.26,1.0
2025-12-11T04:56:03.351795,0.735,0.265,1.0
2025-12-11T04:56:03.973426,0.735,0.265,1.0
2025-12-11T04:56:04.588143,0.74,0.26,1.0
2025-12-11T04:56:05.200544,0.74,0.26,1.0
2025-12-11T04:56:05.815953,0.735,0.265,1.0
2025-12-11T04:56:06.427008,0.675,0.325,1.0
2025-12-11T04:56:07.045208,0.665,0.335,1.0
2025-12-11T04:56:07.662492,0.685,0.315,1.0
2025-12-11T04:56:08.276122,0.71,0.29,1.0
2025-12-11T04:56:08.871117,0.71,0.29,1.0
2025-12-11T04:56:09.488639,0.7,0.295,0.9949999999999999
2025-12-11T04:56:10.103760,0.7,0.3,1.0
2025-12-11T04:56:10.718328,0.715,0.29,1.005
2025-12-11T04:56:11.338150,0.71,0.29,1.0
2025-12-11T04:56:11.951979,0.725,0.275,1.0
2025-12-11T04:56:10.991705,0.73,0.265,0.995
2025-12-11T04:56:11.594631,0.735,0.265,1.0
2025-12-11T04:56:12.200962,0.735,0.265,1.0
2025-12-11T04:56:12.825199,0.725,0.275,1.0
2025-12-11T04:56:13.442035,0.72,0.28,1.0
2025-12-11T04:56:14.055567,0.72,0.28,1.0
2025-12-11T04:56:14.673086,0.735,0.265,1.0
2025-12-11T04:56:15.294235,0.72,0.28,1.0
2025-12-11T04:56:15.906207,0.725,0.275,1.0
2025-12-11T04:56:16.512425,0.73,0.27,1.0
2025-12-11T04:56:17.125727,0.735,0.265,1.0
2025-12-11T04:56:17.726174,0.71,0.29,1.0
2025-12-11T04:56:18.337024,0.715,0.28,0.995
2025-12-11T04:56:18.953544,0.725,0.275,1.0
2025-12-11T04:56:19.575658,0.725,0.275,1.0
2025-12-11T04:56:20.188616,0.725,0.275,1.0
2025-12-11T04:56:20.800143,0.725,0.275,1.0
2025-12-11T04:56:21.417351,0.735,0.265,1.0
2025-12-11T04:56:22.019553,0.775,0.22,0.995
2025-12-11T04:56:22.637166,0.795,0.205,1.0
2025-12-11T04:56:23.251707,0.775,0.225,1.0
2025-12-11T04:56:23.863645,0.785,0.215,1.0
2025-12-11T04:56:24.479248,0.785,0.215,1.0
2025-12-11T04:56:25.091422,0.77,0.23,1.0
2025-12-11T04:56:25.699285,0.785,0.215,1.0
2025-12-11T04:56:26.305746,0.775,0.225,1.0
2025-12-11T04:56:26.916124,0.775,0.225,1.0
2025-12-11T04:56:27.537195,0.775,0.225,1.0
2025-12-11T04:56:28.134149,0.775,0.225,1.0
2025-12-11T04:56:28.748747,0.775,0.225,1.0
2025-12-11T04:56:29.368033,0.775,0.225,1.0
2025-12-11T04:56:29.977335,0.785,0.215,1.0
2025-12-11T04:56:30.589821,0.775,0.225,1.0
2025-12-11T04:56:31.207915,0.78,0.22,1.0
2025-12-11T04:56:31.818212,0.78,0.22,1.0
2025-12-11T04:56:32.426335,0.78,0.225,1.0050000000000001
2025-12-11T04:56:33.041480,0.775,0.225,1.0
2025-12-11T04:56:33.676779,0.775,0.225,1.0
2025-12-11T04:56:34.279287,0.755,0.245,1.0
2025-12-11T04:56:34.892636,0.755,0.245,1.0
2025-12-11T04:56:35.502894,0.745,0.255,1.0
2025-12-11T04:56:36.111752,0.76,0.24,1.0
2025-12-11T04:56:36.716644,0.755,0.245,1.0
2025-12-11T04:56:37.328257,0.76,0.24,1.0
2025-12-11T04:56:37.951550,0.755,0.245,1.0
2025-12-11T04:56:38.544372,0.76,0.24,1.0
2025-12-11T04:56:39.164187,0.765,0.235,1.0
2025-12-11T04:56:39.777391,0.765,0.235,1.0
2025-12-11T04:56:40.389636,0.735,0.265,1.0
2025-12-11T04:56:41.009238,0.7,0.305,1.005
2025-12-11T04:56:41.621298,0.665,0.335,1.0
2025-12-11T04:56:42.247795,0.645,0.355,1.0
2025-12-11T04:56:42.859090,0.605,0.395,1.0
2025-12-11T04:56:41.886277,0.565,0.435,1.0
2025-12-11T04:56:42.519832,0.54,0.465,1.0050000000000001
2025-12-11T04:56:43.124627,0.505,0.5,1.005
2025-12-11T04:56:43.736084,0.465,0.535,1.0
2025-12-11T04:56:44.350701,0.465,0.54,1.0050000000000001
2025-12-11T04:56:44.963892,0.455,0.565,1.02
2025-12-11T04:56:45.579105,0.435,0.565,1.0
2025-12-11T04:56:46.184530,0.425,0.565,0.99
2025-12-11T04:56:46.783400,0.425,0.575,1.0
2025-12-11T04:56:47.379608,0.44,0.56,1.0
2025-12-11T04:56:47.992379,0.435,0.565,1.0
2025-12-11T04:56:48.606627,0.445,0.56,1.0050000000000001
2025-12-11T04:56:49.215062,0.43,0.57,1.0
2025-12-11T04:56:49.831050,0.42,0.58,1.0
2025-12-11T04:56:50.447665,0.435,0.565,1.0
2025-12-11T04:56:51.061483,0.435,0.565,1.0
2025-12-11T04:56:51.664784,0.455,0.545,1.0
2025-12-11T04:56:52.276826,0.465,0.535,1.0
2025-12-11T04:56:52.905254,0.475,0.525,1.0
2025-12-11T04:56:53.513900,0.475,0.525,1.0
2025-12-11T04:56:54.112952,0.485,0.515,1.0
2025-12-11T04:56:54.760163,0.5,0.5,1.0
2025-12-11T04:56:55.374109,0.5,0.5,1.0
2025-12-11T04:56:55.984822,0.505,0.495,1.0
2025-12-11T04:56:56.606807,0.485,0.515,1.0
2025-12-11T04:56:57.209730,0.5,0.495,0.995
2025-12-11T04:56:57.810490,0.505,0.5,1.005
2025-12-11T04:56:58.441821,0.495,0.515,1.01
2025-12-11T04:56:59.061421,0.485,0.52,1.005
2025-12-11T04:56:59.673179,0.495,0.505,1.0
2025-12-11T04:57:00.286247,0.465,0.535,1.0
2025-12-11T04:57:00.895568,0.465,0.535,1.0
2025-12-11T04:57:01.510628,0.465,0.535,1.0
2025-12-11T04:57:02.117641,0.475,0.525,1.0
2025-12-11T04:57:02.731508,0.48,0.52,1.0
2025-12-11T04:57:03.338308,0.48,0.52,1.0
2025-12-11T04:57:03.949063,0.485,0.515,1.0
2025-12-11T04:57:04.564032,0.495,0.505,1.0
2025-12-11T04:57:05.187937,0.475,0.525,1.0
2025-12-11T04:57:05.798443,0.475,0.525,1.0
2025-12-11T04:57:06.409343,0.48,0.52,1.0
2025-12-11T04:57:07.027203,0.475,0.525,1.0
2025-12-11T04:57:07.638367,0.475,0.525,1.0
2025-12-11T04:57:08.254373,0.48,0.52,1.0
2025-12-11T04:57:08.859239,0.48,0.535,1.0150000000000001
2025-12-11T04:57:09.482183,0.465,0.535,1.0
2025-12-11T04:57:10.100334,0.505,0.475,0.98
2025-12-11T04:57:10.702724,0.565,0.43,0.9949999999999999
2025-12-11T04:57:11.360908,0.57,0.425,0.9949999999999999
2025-12-11T04:57:11.977865,0.575,0.425,1.0
2025-12-11T04:57:12.581395,0.565,0.435,1.0
2025-12-11T04:57:13.178563,0.575,0.42,0.9949999999999999
2025-12-11T04:57:12.190589,0.595,0.405,1.0
2025-12-11T04:57:12.788033,0.65,0.35,1.0
2025-12-11T04:57:13.394165,0.655,0.35,1.005
2025-12-11T04:57:13.999995,0.65,0.35,1.0
2025-12-11T04:57:14.598491,0.665,0.335,1.0
2025-12-11T04:57:15.201945,0.685,0.315,1.0
2025-12-11T04:57:15.826954,0.71,0.29,1.0
2025-12-11T04:57:16.428694,0.695,0.305,1.0
2025-12-11T04:57:17.028233,0.7,0.305,1.005
2025-12-11T04:57:17.630358,0.71,0.29,1.0
2025-12-11T04:57:18.234562,0.695,0.305,1.0
2025-12-11T04:57:18.835224,0.695,0.305,1.0
2025-12-11T04:57:19.435499,0.7,0.3,1.0
2025-12-11T04:57:20.042291,0.71,0.29,1.0
2025-12-11T04:57:20.645235,0.71,0.29,1.0
2025-12-11T04:57:21.273282,0.695,0.305,1.0
2025-12-11T04:57:21.886005,0.685,0.32,1.0050000000000001
2025-12-11T04:57:22.487897,0.655,0.345,1.0
2025-12-11T04:57:23.094013,0.665,0.325,0.99
2025-12-11T04:57:23.693486,0.685,0.315,1.0
2025-12-11T04:57:24.297355,0.685,0.315,1.0
2025-12-11T04:57:24.900818,0.685,0.315,1.0
2025-12-11T04:57:25.501951,0.705,0.295,1.0
2025-12-11T04:57:26.111287,0.705,0.295,1.0
2025-12-11T04:57:26.708517,0.705,0.295,1.0
2025-12-11T04:57:27.312264,0.705,0.295,1.0
2025-12-11T04:57:27.918466,0.705,0.295,1.0
2025-12-11T04:57:28.511522,0.705,0.295,1.0
2025-12-11T04:57:29.117685,0.705,0.295,1.0
2025-12-11T04:57:29.723142,0.715,0.285,1.0
2025-12-11T04:57:30.330183,0.735,0.265,1.0
2025-12-11T04:57:30.944791,0.76,0.24,1.0
2025-12-11T04:57:31.541158,0.785,0.215,1.0
2025-12-11T04:57:32.168559,0.815,0.185,1.0
2025-12-11T04:57:32.770064,0.835,0.16,0.995
2025-12-11T04:57:33.405286,0.83,0.165,0.995
2025-12-11T04:57:34.018304,0.83,0.17,1.0
2025-12-11T04:57:34.635133,0.835,0.165,1.0
2025-12-11T04:57:35.236221,0.835,0.165,1.0
2025-12-11T04:57:35.842375,0.845,0.155,1.0
2025-12-11T04:57:36.462133,0.835,0.165,1.0
2025-12-11T04:57:37.077717,0.825,0.17,0.995
2025-12-11T04:57:37.679319,0.845,0.155,1.0
2025-12-11T04:57:38.293466,0.82,0.18,1.0
2025-12-11T04:57:38.903946,0.825,0.175,1.0
2025-12-11T04:57:39.514462,0.83,0.17,1.0
2025-12-11T04:57:40.117121,0.845,0.17,1.015
2025-12-11T04:57:40.722308,0.83,0.17,1.0
2025-12-11T04:57:41.341227,0.835,0.165,1.0
2025-12-11T04:57:41.939509,0.845,0.155,1.0
2025-12-11T04:57:42.562519,0.84,0.17,1.01
2025-12-11T04:57:43.160231,0.815,0.185,1.0
2025-12-11T04:57:43.769805,0.775,0.215,0.99
2025-12-11T04:57:44.362976,0.785,0.215,1.0
2025-12-11T04:57:43.432350,0.805,0.195,1.0
2025-12-11T04:57:44.031331,0.82,0.18,1.0
2025-12-11T04:57:44.626141,0.835,0.165,1.0
2025-12-11T04:57:45.230256,0.835,0.165,1.0
2025-12-11T04:57:45.838446,0.845,0.165,1.01
2025-12-11T04:57:46.443691,0.845,0.155,1.0
2025-12-11T04:57:47.094981,0.855,0.145,1.0
2025-12-11T04:57:47.696383,0.875,0.125,1.0
2025-12-11T04:57:48.303209,0.885,0.115,1.0
2025-12-11T04:57:48.906127,0.875,0.125,1.0
2025-12-11T04:57:49.511617,0.855,0.145,1.0
2025-12-11T04:57:50.117067,0.835,0.165,1.0
2025-12-11T04:57:50.719366,0.83,0.175,1.005
2025-12-11T04:57:51.318919,0.825,0.175,1.0
2025-12-11T04:57:51.922027,0.825,0.175,1.0
2025-12-11T04:57:52.535278,0.805,0.195,1.0
2025-12-11T04:57:53.140897,0.805,0.195,1.0
2025-12-11T04:57:53.742563,0.805,0.195,1.0
2025-12-11T04:57:54.355231,0.805,0.195,1.0
2025-12-11T04:57:54.962026,0.82,0.185,1.005
2025-12-11T04:57:55.559301,0.81,0.19,1.0
2025-12-11T04:57:56.153164,0.815,0.185,1.0
2025-12-11T04:57:56.761857,0.815,0.185,1.0
2025-12-11T04:57:57.364484,0.825,0.175,1.0
2025-12-11T04:57:57.976501,0.825,0.175,1.0
2025-12-11T04:57:58.578812,0.825,0.175,1.0
2025-12-11T04:57:59.176057,0.82,0.185,1.005
2025-12-11T04:57:59.782882,0.815,0.185,1.0
2025-12-11T04:58:00.385965,0.805,0.195,1.0
2025-12-11T04:58:00.994698,0.805,0.19,0.9950000000000001
2025-12-11T04:58:01.618793,0.815,0.185,1.0
2025-12-11T04:58:02.219654,0.815,0.19,1.005
2025-12-11T04:58:02.834225,0.78,0.22,1.0
2025-12-11T04:58:03.442380,0.8,0.2,1.0
2025-12-11T04:58:04.140273,0.79,0.205,0.995
2025-12-11T04:58:04.762119,0.795,0.205,1.0
2025-12-11T04:58:05.404446,0.795,0.2,0.9950000000000001
2025-12-11T04:58:06.022728,0.795,0.205,1.0
2025-12-11T04:58:06.640525,0.795,0.205,1.0
2025-12-11T04:58:07.273794,0.8,0.2,1.0
2025-12-11T04:58:07.893535,0.8,0.2,1.0
2025-12-11T04:58:08.513592,0.81,0.195,1.0050000000000001
2025-12-11T04:58:09.126716,0.805,0.195,1.0
2025-12-11T04:58:09.733054,0.81,0.19,1.0
2025-12-11T04:58:10.338399,0.815,0.185,1.0
2025-12-11T04:58:10.947205,0.81,0.185,0.9950000000000001
2025-12-11T04:58:11.561896,0.81,0.19,1.0
2025-12-11T04:58:12.187236,0.795,0.205,1.0
2025-12-11T04:58:12.797560,0.805,0.195,1.0
2025-12-11T04:58:13.416272,0.785,0.215,1.0
2025-12-11T04:58:14.032199,0.805,0.195,1.0
2025-12-11T04:58:14.643059,0.77,0.23,1.0
2025-12-11T04:58:13.676613,0.755,0.245,1.0
2025-12-11T04:58:14.271880,0.755,0.255,1.01
2025-12-11T04:58:14.883724,0.765,0.22,0.985
2025-12-11T04:58:15.490699,0.765,0.235,1.0
2025-12-11T04:58:16.090995,0.765,0.235,1.0
2025-12-11T04:58:16.712610,0.765,0.225,0.99
2025-12-11T04:58:17.324815,0.785,0.225,1.01
2025-12-11T04:58:17.934906,0.78,0.22,1.0
2025-12-11T04:58:18.547137,0.785,0.215,1.0
2025-12-11T04:58:19.175616,0.775,0.225,1.0
2025-12-11T04:58:19.776487,0.78,0.22,1.0
2025-12-11T04:58:20.398100,0.79,0.21,1.0
2025-12-11T04:58:21.009717,0.795,0.205,1.0
2025-12-11T04:58:21.624378,0.775,0.225,1.0
2025-12-11T04:58:22.232303,0.785,0.21,0.995
2025-12-11T04:58:22.829585,0.785,0.215,1.0
2025-12-11T04:58:23.473984,0.775,0.24,1.0150000000000001
2025-12-11T04:58:24.075170,0.76,0.24,1.0
2025-12-11T04:58:24.673664,0.785,0.215,1.0
2025-12-11T04:58:25.287627,0.74,0.26,1.0
2025-12-11T04:58:25.889001,0.725,0.28,1.005
2025-12-11T04:58:26.501936,0.715,0.285,1.0
2025-12-11T04:58:27.119983,0.715,0.285,1.0
2025-12-11T04:58:27.735218,0.735,0.265,1.0
2025-12-11T04:58:28.352456,0.73,0.27,1.0
2025-12-11T04:58:28.964415,0.73,0.27,1.0
2025-12-11T04:58:29.576449,0.745,0.255,1.0
2025-12-11T04:58:30.191536,0.77,0.23,1.0
2025-12-11T04:58:30.794353,0.77,0.23,1.0
2025-12-11T04:58:31.407755,0.775,0.225,1.0
2025-12-11T04:58:32.007176,0.775,0.235,1.01
2025-12-11T04:58:32.637275,0.765,0.235,1.0
2025-12-11T04:58:33.241908,0.75,0.25,1.0
2025-12-11T04:58:33.844077,0.755,0.245,1.0
2025-12-11T04:58:34.461433,0.755,0.245,1.0
2025-12-11T04:58:35.054741,0.76,0.24,1.0
2025-12-11T04:58:35.674203,0.765,0.235,1.0
2025-12-11T04:58:36.288509,0.775,0.225,1.0
2025-12-11T04:58:36.899555,0.795,0.205,1.0
2025-12-11T04:58:37.524561,0.795,0.205,1.0
2025-12-11T04:58:38.140577,0.795,0.205,1.0
2025-12-11T04:58:38.755417,0.805,0.195,1.0
2025-12-11T04:58:39.387839,0.805,0.195,1.0
2025-12-11T04:58:39.981561,0.805,0.195,1.0
2025-12-11T04:58:40.604825,0.8,0.2,1.0
2025-12-11T04:58:41.217857,0.8,0.2,1.0
2025-12-11T04:58:41.829715,0.805,0.195,1.0
2025-12-11T04:58:42.450190,0.805,0.195,1.0
2025-12-11T04:58:43.052077,0.81,0.19,1.0
2025-12-11T04:58:43.661914,0.81,0.19,1.0
2025-12-11T04:58:44.274049,0.81,0.19,1.0
2025-12-11T04:58:44.870075,0.815,0.185,1.0
2025-12-11T04:58:45.479516,0.845,0.155,1.0
2025-12-11T04:58:44.495274,0.855,0.14,0.995
2025-12-11T04:58:45.107300,0.86,0.145,1.005
2025-12-11T04:58:45.717914,0.855,0.145,1.0
2025-12-11T04:58:46.320118,0.855,0.14,0.995
2025-12-11T04:58:46.930299,0.855,0.145,1.0
2025-12-11T04:58:47.542224,0.865,0.135,1.0
2025-12-11T04:58:48.139457,0.835,0.165,1.0
2025-12-11T04:58:48.753535,0.775,0.225,1.0
2025-12-11T04:58:49.356663,0.77,0.23,1.0
2025-12-11T04:58:49.971615,0.78,0.22,1.0
2025-12-11T04:58:50.576954,0.785,0.215,1.0
2025-12-11T04:58:51.189976,0.815,0.185,1.0
2025-12-11T04:58:51.803913,0.84,0.16,1.0
2025-12-11T04:58:52.411765,0.845,0.155,1.0
2025-12-11T04:58:53.026581,0.845,0.155,1.0
2025-12-11T04:58:53.640780,0.845,0.155,1.0
2025-12-11T04:58:54.244915,0.855,0.145,1.0
2025-12-11T04:58:54.853804,0.855,0.145,1.0
2025-12-11T04:58:55.450473,0.85,0.14,0.99
2025-12-11T04:58:56.058975,0.86,0.135,0.995
2025-12-11T04:58:56.669427,0.86,0.14,1.0
2025-12-11T04:58:57.284454,0.86,0.14,1.0
2025-12-11T04:58:57.895891,0.855,0.145,1.0
2025-12-11T04:58:58.500226,0.86,0.14,1.0
2025-12-11T04:58:59.113333,0.865,0.135,1.0
2025-12-11T04:58:59.719444,0.895,0.105,1.0
2025-12-11T04:59:00.313950,0.915,0.085,1.0
2025-12-11T04:59:00.923961,0.925,0.075,1.0
2025-12-11T04:59:01.567878,0.93,0.065,0.9950000000000001
2025-12-11T04:59:02.186593,0.95,0.05,1.0
2025-12-11T04:59:02.795492,0.945,0.055,1.0
2025-12-11T04:59:03.400720,0.95,0.05,1.0
2025-12-11T04:59:04.005457,0.94,0.06,1.0
2025-12-11T04:59:04.614802,0.945,0.055,1.0
2025-12-11T04:59:05.232756,0.935,0.06,0.9950000000000001
2025-12-11T04:59:05.846057,0.93,0.065,0.9950000000000001
2025-12-11T04:59:06.447660,0.93,0.07,1.0
2025-12-11T04:59:07.062746,0.88,0.12,1.0
2025-12-11T04:59:07.676207,0.87,0.115,0.985
2025-12-11T04:59:08.287645,0.91,0.085,0.995
2025-12-11T04:59:08.891223,0.925,0.075,1.0
2025-12-11T04:59:09.498695,0.925,0.075,1.0
2025-12-11T04:59:10.112140,0.92,0.08,1.0
2025-12-11T04:59:10.721456,0.925,0.075,1.0
2025-12-11T04:59:11.333871,0.915,0.085,1.0
2025-12-11T04:59:11.947218,0.925,0.075,1.0
2025-12-11T04:59:12.556090,0.93,0.07,1.0
2025-12-11T04:59:13.159071,0.9,0.1,1.0
2025-12-11T04:59:13.771990,0.89,0.11,1.0
2025-12-11T04:59:14.375875,0.905,0.095,1.0
2025-12-11T04:59:14.989485,0.905,0.075,0.98
2025-12-11T04:59:15.588566,0.925,0.075,1.0
2025-12-11T04:59:16.207692,0.94,0.06,1.0
2025-12-11T04:59:15.240375,0.94,0.06,1.0
2025-12-11T04:59:15.849005,0.935,0.065,1.0
2025-12-11T04:59:16.447594,0.925,0.075,1.0
2025-12-11T04:59:17.098630,0.93,0.065,0.9950000000000001
2025-12-11T04:59:17.715784,0.925,0.075,1.0
2025-12-11T04:59:18.328341,0.95,0.055,1.005
2025-12-11T04:59:18.931461,0.945,0.055,1.0
2025-12-11T04:59:19.547374,0.945,0.055,1.0
2025-12-11T04:59:20.195972,0.965,0.035,1.0
2025-12-11T04:59:20.824076,0.955,0.05,1.005
2025-12-11T04:59:21.445012,0.935,0.065,1.0
2025-12-11T04:59:22.052969,0.945,0.05,0.995
2025-12-11T04:59:22.663677,0.945,0.05,0.995
2025-12-11T04:59:23.283073,0.955,0.045,1.0
2025-12-11T04:59:23.878291,0.945,0.055,1.0
2025-12-11T04:59:24.489657,0.945,0.055,1.0
2025-12-11T04:59:25.097313,0.955,0.045,1.0
2025-12-11T04:59:25.715706,0.96,0.04,1.0
2025-12-11T04:59:26.329737,0.98,0.02,1.0
2025-12-11T04:59:26.944965,0.98,0.02,1.0
2025-12-11T04:59:27.555572,0.98,0.02,1.0
2025-12-11T04:59:28.169368,0.975,0.02,0.995
2025-12-11T04:59:28.784793,0.985,0.015,1.0
2025-12-11T04:59:29.389986,0.985,0.015,1.0
2025-12-11T04:59:30.001815,0.985,0.015,1.0
2025-12-11T04:59:30.615651,0.985,0.015,1.0
2025-12-11T04:59:31.222951,0.985,0.015,1.0
2025-12-11T04:59:31.827899,0.985,0.015,1.0
2025-12-11T04:59:32.433690,0.985,0.015,1.0
2025-12-11T04:59:33.039261,0.985,0.015,1.0
2025-12-11T04:59:33.648001,0.985,0.015,1.0
2025-12-11T04:59:34.257373,0.985,0.015,1.0
2025-12-11T04:59:34.865259,0.995,0.005,1.0
2025-12-11T04:59:35.464781,0.99,0.01,1.0
2025-12-11T04:59:36.071882,0.985,0.015,1.0
2025-12-11T04:59:36.678250,0.995,0.005,1.0
2025-12-11T04:59:37.287182,0.995,0.005,1.0
2025-12-11T04:59:37.898649,0.995,0.005,1.0
2025-12-11T04:59:38.501262,0.995,0.005,1.0
2025-12-11T04:59:39.105779,0.995,0.005,1.0
2025-12-11T04:59:39.716247,0.995,0.005,1.0
2025-12-11T04:59:40.317115,0.995,0.005,1.0
2025-12-11T04:59:40.920205,0.995,0.005,1.0
2025-12-11T04:59:41.531189,0.995,0.005,1.0
2025-12-11T04:59:42.144807,0.995,0.005,1.0
2025-12-11T04:59:42.752462,0.995,0.005,1.0
2025-12-11T04:59:43.355399,0.995,0.005,1.0
2025-12-11T04:59:43.964482,0.995,0.005,1.0
2025-12-11T04:59:44.576030,0.995,0.005,1.0
2025-12-11T04:59:45.178528,0.995,0.005,1.0
2025-12-11T04:59:45.781518,0.995,0.005,1.0
2025-12-11T04:59:46.388043,0.995,0.005,1.0
2025-12-11T04:59:46.990141,0.995,0.005,1.0
2025-12-11T04:59:46.025328,0.995,0.005,1.0
2025-12-11T04:59:46.639717,0.995,0.005,1.0
2025-12-11T04:59:47.240607,0.995,0.005,1.0
2025-12-11T04:59:47.865022,0.995,0.005,1.0
2025-12-11T04:59:48.465127,0.995,0.005,1.0
2025-12-11T04:59:49.079909,0.995,0.005,1.0
2025-12-11T04:59:49.688984,0.995,0.005,1.0
2025-12-11T04:59:50.309011,0.995,0.005,1.0
2025-12-11T04:59:50.908267,0.995,0.005,1.0
2025-12-11T04:59:51.504119,0.995,0.005,1.0
2025-12-11T04:59:52.113729,0.995,0.005,1.0
2025-12-11T04:59:52.724532,0.995,0.005,1.0
2025-12-11T04:59:53.330547,0.995,0.005,1.0
2025-12-11T04:59:53.942395,0.995,0.005,1.0
2025-12-11T04:59:54.555155,0.995,0.005,1.0
2025-12-11T04:59:55.168493,0.995,0.005,1.0
2025-12-11T04:59:55.786203,0.995,0.005,1.0
2025-12-11T04:59:56.429162,0.995,0.005,1.0
2025-12-11T04:59:57.038758,0.995,0.005,1.0
2025-12-11T04:59:57.652709,0.995,0.005,1.0
2025-12-11T04:59:58.265968,0.995,0.005,1.0
2025-12-11T04:59:58.886074,0.995,0.005,1.0
2025-12-11T04:59:59.505483,0.995,0.005,1.0
2025-12-11T05:00:00.116008,0.995,0.005,1.0
2025-12-11T05:00:00.727489,0.995,0.005,1.0
2025-12-11T05:00:01.346739,0.995,0.005,1.0
2025-12-11T05:00:01.962061,0.995,0.005,1.0
2025-12-11T05:00:02.564993,0.995,0.005,1.0
2025-12-11T05:00:03.179591,0.995,0.005,1.0
2025-12-11T05:00:03.802366,0.995,0.005,1.0
2025-12-11T05:00:04.419864,0.995,0.005,1.0
2025-12-11T05:00:05.036171,0.995,0.005,1.0
2025-12-11T05:00:05.649913,0.995,0.005,1.0
2025-12-11T05:00:06.254590,0.995,0.005,1.0
2025-12-11T05:00:06.871178,0.995,0.005,1.0
2025-12-11T05:00:07.480980,0.995,0.005,1.0
2025-12-11T05:00:08.094038,0.995,0.005,1.0
2025-12-11T05:00:08.704012,0.995,0.005,1.0
2025-12-11T05:00:09.305261,0.995,0.005,1.0
2025-12-11T05:00:09.928933,0.995,0.005,1.0
2025-12-11T05:00:10.576868,0.995,0.005,1.0
2025-12-11T05:00:11.190320,0.995,0.005,1.0
2025-12-11T05:00:11.797316,0.995,0.005,1.0
2025-12-11T05:00:12.424771,0.995,0.005,1.0
2025-12-11T05:00:13.033811,0.995,0.005,1.0
2025-12-11T05:00:13.639932,0.995,0.005,1.0
2025-12-11T05:00:14.258898,0.995,0.005,1.0
2025-12-11T05:00:14.874631,0.995,0.005,1.0
2025-12-11T05:00:15.483669,0.995,0.005,1.0
2025-12-11T05:00:16.090407,0.995,0.005,1.0
2025-12-11T05:00:16.702044,0.995,0.005,1.0
2025-12-11T05:00:17.310533,0.995,0.005,1.0
2025-12-11T05:00:16.350202,0.995,0.005,1.0
2025-12-11T05:00:16.957193,0.995,0.005,1.0
2025-12-11T05:00:17.564959,0.995,0.005,1.0
2025-12-11T05:00:18.168986,0.995,0.005,1.0
2025-12-11T05:00:18.780376,0.995,0.005,1.0
2025-12-11T05:00:19.426272,0.995,0.005,1.0
2025-12-11T05:00:20.034236,0.995,0.005,1.0
2025-12-11T05:00:20.638116,0.995,0.005,1.0
2025-12-11T05:00:21.238321,0.995,0.005,1.0
2025-12-11T05:00:21.843437,0.995,0.005,1.0
2025-12-11T05:00:22.446966,0.995,0.005,1.0
2025-12-11T05:00:23.050222,0.995,0.005,1.0
2025-12-11T05:00:23.655947,0.995,0.005,1.0
2025-12-11T05:00:24.261097,0.995,0.005,1.0
2025-12-11T05:00:24.867720,0.995,0.005,1.0
2025-12-11T05:00:25.469442,0.995,0.005,1.0
2025-12-11T05:00:26.074945,0.995,0.005,1.0
2025-12-11T05:00:26.683471,0.995,0.005,1.0
2025-12-11T05:00:27.293294,0.995,0.005,1.0
2025-12-11T05:00:27.901477,0.995,0.005,1.0
2025-12-11T05:00:28.516600,0.995,0.005,1.0
2025-12-11T05:00:29.131259,0.995,0.005,1.0
2025-12-11T05:00:29.740328,0.995,0.005,1.0
2025-12-11T05:00:30.359728,0.995,0.005,1.0
2025-12-11T05:00:30.975792,0.995,0.005,1.0
2025-12-11T05:00:31.576781,0.995,0.005,1.0
2025-12-11T05:00:32.191743,0.995,0.005,1.0
2025-12-11T05:00:32.804405,0.995,0.005,1.0
2025-12-11T05:00:33.414981,0.995,0.005,1.0
2025-12-11T05:00:34.030212,0.995,0.005,1.0
2025-12-11T05:00:34.648289,0.995,0.005,1.0
2025-12-11T05:00:35.260536,0.995,0.005,1.0
2025-12-11T05:00:35.873350,0.995,0.005,1.0
2025-12-11T05:00:36.497194,0.995,0.005,1.0
2025-12-11T05:00:37.123101,0.995,0.005,1.0
2025-12-11T05:00:37.721139,0.995,0.005,1.0
2025-12-11T05:00:38.330737,0.995,0.005,1.0
2025-12-11T05:00:38.946764,0.995,0.005,1.0
2025-12-11T05:00:39.553714,0.995,0.005,1.0
2025-12-11T05:00:40.160669,0.995,0.005,1.0
2025-12-11T05:00:40.770875,0.995,0.005,1.0
2025-12-11T05:00:41.377772,0.995,0.005,1.0
2025-12-11T05:00:41.986681,0.995,0.005,1.0
2025-12-11T05:00:42.594271,0.995,0.005,1.0
2025-12-11T05:00:43.199258,0.995,0.005,1.0
2025-12-11T05:00:43.806430,0.995,0.005,1.0
2025-12-11T05:00:44.411011,0.995,0.005,1.0
2025-12-11T05:00:45.017152,0.995,0.005,1.0
2025-12-11T05:00:45.630093,0.995,0.005,1.0
2025-12-11T05:00:46.237789,0.995,0.005,1.0
2025-12-11T05:00:46.842678,0.995,0.005,1.0
2025-12-11T05:00:47.449311,0.995,0.005,1.0
2025-12-11T05:00:48.058742,0.995,0.005,1.0
2025-12-11T05:00:47.208414,0.995,0.005,1.0
2025-12-11T05:00:47.815014,0.995,0.005,1.0
2025-12-11T05:00:48.425138,0.995,0.005,1.0
2025-12-11T05:00:49.027635,0.995,0.005,1.0
2025-12-11T05:00:49.654789,0.995,0.005,1.0
2025-12-11T05:00:50.259673,0.995,0.005,1.0
2025-12-11T05:00:50.862394,0.995,0.005,1.0
2025-12-11T05:00:51.469580,0.995,0.005,1.0
2025-12-11T05:00:52.076465,0.995,0.005,1.0
2025-12-11T05:00:52.687340,0.995,0.005,1.0
2025-12-11T05:00:53.296294,0.995,0.005,1.0
2025-12-11T05:00:53.899536,0.995,0.005,1.0
2025-12-11T05:00:54.511905,0.995,0.005,1.0
2025-12-11T05:00:55.120971,0.995,0.005,1.0
2025-12-11T05:00:55.738088,0.995,0.005,1.0
2025-12-11T05:00:56.369518,0.995,0.005,1.0
2025-12-11T05:00:56.970035,0.995,0.005,1.0
2025-12-11T05:00:57.578436,0.995,0.005,1.0
2025-12-11T05:00:58.182407,0.995,0.005,1.0
2025-12-11T05:00:58.782570,0.995,0.005,1.0
2025-12-11T05:00:59.389382,0.995,0.005,1.0
2025-12-11T05:01:00.000888,0.995,0.005,1.0
